1709 2851
710 100 973 137 ...36-

139 208 277 257 studet,
315 207 552 258 Stephanum
582 210 764 258 quattuor
790 207 878 245 illos
904 206 1047 245 liberos
1074 218 1127 246 ex
1153 206 1302 247 Neaera
1328 207 1552 259 suscepisse,

138 283 217 310 non
245 283 296 311 ex
324 283 448 311 uxore
470 272 643 323 legitima
664 272 744 323 (cfr.
768 272 791 321 ξ
816 272 905 321 119,
932 270 1031 322 sqq.)
1085 270 1238 311 Falsum
1261 283 1344 311 esse
1361 271 1553 311 Voemelii

140 337 405 376 coniecturam
433 331 493 374 ὅτι
521 332 591 374 οὐκ
619 333 661 374 ἐκ
700 333 901 385 Στεφάνου
935 333 1011 374 εἰσί
1046 336 1158 374 etiam
1189 348 1239 374 ex
1266 338 1328 385 iis,
1362 348 1462 387 quae
1497 348 1554 375 se-

141 404 316 451 quuntur
341 401 406 438 καὶ
435 399 472 438 εἰ
496 400 570 448 μὲν
597 396 821 448 ὁμολογοῖεν
848 396 891 438 ἐκ
925 396 1125 450 Στεφάνου
1155 394 1257 438 εἶναι
1291 400 1357 439 καὶ
1383 401 1554 451 Νεαίρας

139 462 299 508 τούτους
325 463 416 508 τοὺς
438 465 594 512 παῖδας,
623 466 858 514 πεπρᾶσθαι
880 465 1056 516 Νέαιραν
1077 468 1157 514 etc.,
1178 465 1401 516 intellegere
1423 467 1554 516 possis,

141 531 248 569 unde
276 534 395 580 patet,
423 541 467 567 eo
508 530 669 567 consilio
702 529 985 579 Apollodorum
1014 528 1250 580 Stephanum
1277 531 1557 580 provocavisse,

140 598 184 633 ut
211 606 344 633 servae
371 597 615 643 testarentur,
642 593 729 632 illos
752 592 933 644 Stephani
958 596 997 632 et
1021 593 1192 634 Neaerae
1217 606 1302 634 esse
1325 594 1481 634 liberos.

222 659 270 697 In
278 660 499 697 testimonio
511 659 608 696 nihil
619 660 661 696 in
674 661 742 707 est,
763 658 867 708 quod
879 661 1013 696 contra
1025 659 1108 697 eius
1121 661 1386 698 auctoritatem
1397 659 1556 710 proferri

140 724 270 774 possit,
307 735 351 762 ac
379 723 730 762 Westermannuus
758 725 840 773 ipse
869 736 953 773 pag.
985 725 1061 761 112
1089 724 1130 761 id
1165 728 1266 762 recte
1294 726 1554 774 conscriptum

141 799 223 826 esse
241 788 425 826 concedit.
456 789 519 826 Ex
541 789 761 827 testimonio
783 788 864 825 solo
896 787 1168 838 intellegimus,
1203 788 1390 838 proclesin
1411 789 1453 826 in
1474 787 1558 826 foro

140 853 281 891 factam
316 864 421 900 esse,
458 853 499 890 id
540 852 643 902 quod
690 856 790 890 certe
824 852 1007 890 credibile
1041 852 1203 891 videtur.
1261 852 1334 890 Cfr.
1362 850 1557 891 Demosth.

140 916 284 954 XXIX
314 917 336 965 ξ
369 918 417 954 12
446 912 544 953 ἀλλὰ
579 914 658 967 μὴν
685 911 754 963 οὐχ
783 908 838 958 εἷς
867 911 956 953 οὐδὲ
984 912 1052 953 δύο
1080 915 1190 954 ταῦτ’
1219 913 1341 954 ἴσασιν
1368 911 1451 955 οὐδ’
1478 913 1558 955 ὑπὸ

139 977 265 1031 μα’λης
283 977 306 1031 ἡ
322 977 528 1031 πρόκλησις
542 983 701 1028 γέγονεν,
716 977 799 1017 ἀλλ’
815 978 858 1018 ἐν
869 982 918 1032 τῇ
929 976 1048 1029 ἀγορᾶ
1058 983 1155 1031 μέσῃ
1171 980 1326 1017 πολλῶν
1342 979 1558 1030 παρόντων.

250 1045 347 1083 Cum
394 1045 614 1083 testimonio
657 1045 850 1083 artissime
901 1044 1084 1096 proclesis
1104 1074 1106 1076 -
1123 1046 1206 1096 ipsa
1244 1046 1450 1085 coniuncta
1496 1050 1556 1085 est

142 1110 349 1160 Perperam
386 1111 433 1148 de
473 1122 519 1148 ea
553 1109 712 1158 Heffter,
754 1111 816 1148 die
852 1110 1096 1147 athenaisehe
1140 1110 1559 1161 Gerichtsverfassung,

140 1187 225 1224 pag.
255 1175 332 1212 317
368 1175 424 1211 sic
453 1174 644 1224 disputat:
675 1173 978 1224 „Gemeiniglich
1006 1174 1222 1223 geschahen
1253 1174 1315 1212 die
1354 1174 1561 1213 Aufforde-

142 1250 293 1288 rungen
322 1238 548 1285 schriftlich,
576 1238 764 1275 zuweilen
788 1237 880 1275 aber
907 1238 1006 1275 auch
1031 1238 1232 1275 miindlich
1258 1239 1301 1275 in
1331 1238 1561 1288 Gegenwart

140 1314 218 1339 von
248 1302 414 1352 Zeugen.
469 1301 567 1340 Eine
595 1301 808 1340 schriftlich
849 1300 1084 1340 verabfasste
1112 1302 1267 1340 werden
1301 1304 1373 1340 wir
1408 1304 1450 1340 in
1485 1303 1560 1342 den

142 1367 320 1416 Anlagen
349 1379 420 1404 aus
448 1367 517 1404 der
543 1366 650 1403 Rede
677 1367 800 1403 wider
831 1365 978 1403 Neaera
1006 1366 1219 1415 beifiigen.“
1276 1366 1452 1404 Primum
1479 1378 1559 1405 non

143 1431 219 1469 duo
242 1430 335 1468 talia
362 1441 506 1481 genera
534 1430 717 1480 proclesis
746 1429 912 1468 discerni
939 1434 1119 1480 possunt,
1148 1429 1226 1479 sed,
1255 1431 1360 1480 quod
1395 1431 1559 1480 videam,

142 1506 209 1533 eae
231 1495 309 1532 nisi
347 1506 476 1535 coram
511 1494 676 1532 testibus
714 1506 794 1531 non
827 1494 981 1532 fiebant.
1010 1494 1256 1544 Plerumque,
1289 1494 1330 1532 id
1370 1495 1474 1544 quod
1501 1496 1558 1533 rei

93 1592 97 1594 <
141 1562 303 1597 naturae
347 1558 575 1609 respondet,
617 1559 860 1597 condiciones
893 1558 1075 1608 proclesis
1114 1562 1199 1597 tum
1243 1559 1400 1597 demum
1437 1559 1559 1597 literis

143 1623 437 1667 mandabantur,
465 1623 499 1659 si
526 1623 570 1670 is,
605 1624 672 1672 qui
699 1626 930 1672 provocatus
959 1625 1050 1671 erat,
1078 1634 1163 1660 eam
1192 1619 1411 1672 acceperat;
1439 1623 1558 1661 inter·-

144 1687 237 1725 dum
266 1686 422 1737 quidem
457 1690 729 1738 provocantes*
750 1687 993 1725 condiciones
1019 1688 1097 1725 iam
1127 1690 1239 1726 antea
1271 1687 1563 1737 consignavisse

142 1756 292 1790 constat
319 1752 399 1801 (cfr.
422 1752 543 1790 Meier
569 1765 607 1789 u.
636 1752 891 1800 Schoemann,
915 1752 983 1790 der
1005 1755 1069 1789 att.
1100 1751 1262 1790 Process
1290 1764 1324 1802 p.
1355 1752 1465 1801 680);
1495 1752 1563 1790 sed

142 1828 192 1855 ne
225 1816 266 1854 id
297 1816 455 1866 quidem
482 1817 524 1854 in
559 1817 667 1855 illam
693 1816 899 1854 formulam
929 1816 1113 1865 quadrat;
1153 1828 1245 1854 nam
1273 1819 1318 1854 ut
1345 1827 1395 1854 ex
1422 1817 1563 1865 imper-

143 1880 246 1917 fecto
275 1877 423 1929 ἥθελον
461 1883 576 1929 atque
605 1880 785 1930 optativis
812 1880 891 1918 illis
919 1875 1142 1928 ὁμολογοῖεν
1169 1882 1206 1918 et
1241 1878 1475 1932 βλαβείησαν
1502 1891 1561 1919 se-

151 1944 296 1995 quitur,
326 1956 424 1994 quae
449 1943 598 1983 Heffter
618 1957 704 1994 pag.
732 1947 812 1983 474
839 1945 954 1995 plane
982 1945 1243 1995 praetermisit,
1267 1948 1393 1982 orator
1415 1956 1500 1982 eam
1521 1946 1564 1982 in

143 2009 328 2056 anacrisi,
360 2012 404 2046 ut
441 2010 483 2046 in
532 2009 714 2047 echinum
748 2009 841 2046 inici
884 2011 1031 2059 posset,
1072 1997 1318 2058 conscripsit,
1358 2011 1564 2059 postquam

145 2072 367 2122 Stephanus
395 2084 444 2111 ne
472 2084 605 2111 servas
627 2073 796 2111 traderet
816 2074 1033 2111 recusavit..
1074 2072 1261 2111 Praesens
1285 2073 1441 2122 quidem
1462 2073 1563 2112 illud

143 2136 411 2185 προκαλεῖται,
442 2137 544 2186 quod
567 2137 648 2176 cod.
671 2140 706 2175 Σ
724 2136 892 2186 praebet,
914 2129 1131 2174 tenendum
1148 2148 1231 2174 esse
1258 2139 1362 2186 puto.
1400 2136 1563 2175 Initium

142 2202 263 2251 igitur
296 2200 485 2238 formulae
524 2204 651 2239 orator
685 2202 740 2240 ita
777 2201 1008 2252 composuit,
1040 2204 1086 2239 ut
1122 2212 1209 2239 mea
1243 2201 1433 2240 sententia
1467 2201 1562 2241 tales

144 2266 344 2316 pactiones
380 2266 462 2303 sive
502 2268 591 2304 ante
628 2267 941 2316 provocationem
975 2267 1056 2304 sive
1098 2266 1369 2316 provocatione
1406 2269 1563 2316 accepta

146 2331 328 2380 componi
351 2329 536 2368 solebant.
591 2329 850 2380 Neglegenter
872 2333 1002 2368 autem
1025 2329 1098 2367 sub
1122 2329 1240 2368 finem
1268 2329 1455 2384 formulae
1482 2342 1563 2369 non
1599 2322 1611 2345 ²

147 2395 272 2433 solum
301 2407 324 2432 a
351 2394 466 2432 tertia
487 2405 651 2443 persona
673 2395 723 2432 ad
745 2395 911 2444 primam
929 2395 1067 2432 transit
1090 2394 1172 2442 (cfr.
1198 2406 1252 2443 ea,
1274 2405 1375 2443 quae
1396 2394 1561 2444 legimus

145 2460 188 2495 in
215 2459 436 2497 testimonio
467 2458 490 2505 ξ
519 2459 593 2496 54;
624 2454 670 2508 ἣν
698 2455 835 2504 ἔλαχεν
857 2454 945 2505 ἐμοὶ
967 2457 1189 2507 Στέφανος),
1215 2457 1284 2496 sed
1306 2468 1358 2496 ne
1379 2469 1560 2508 praesens

148 2522 304 2572 quidem
326 2525 477 2572 tempus
500 2523 648 2561 retinet.
697 2521 798 2560 Cave
821 2525 951 2560 autem
973 2522 1133 2570 iudices,
1153 2522 1254 2560 hanc
1276 2522 1559 2572 neglegentiam
