1709 2851
713 109 977 148 „33-

137 244 142 249 ι
184 222 190 226 ’
247 214 311 255 lta
344 217 378 255 si
416 213 536 263 verba
569 216 856 267 intelleguntur,
889 228 970 254 non·
1006 217 1083 255 iam
1117 216 1326 256 obscurum
1343 220 1437 263 est,
1476 229 1553 267 quo

137 283 256 331 longa
290 281 495 331 explicatio
537 281 586 330 ἕξ
615 282 684 330 81,
724 282 792 330 82,
829 283 878 320 83
915 284 1083 331 spectet;
1128 283 1270 320 oratori
1307 283 1411 320 enim
1449 282 1554 320 haud

141 344 258 385 dubie
284 343 326 383 id
351 344 594 395 potissimum
616 343 943 395 comprobandum
973 348 1065 395 erat,
1105 345 1314 384 divortium
1337 346 1435 384 illud
1463 355 1553 384 cum

139 409 286 451 iudicio
319 411 627 461 areopagitarum
673 410 862 448 artissime
899 410 1103 449 cohaerere
1144 413 1260 460 atque
1299 422 1350 449 ex
1389 422 1434 449 eo
1470 411 1552 461 ipso

140 484 226 514 esse
252 476 390 513 ortum.

246 536 300 575 Ut
326 538 446 588 igitur
474 549 524 575 ex
553 539 710 575 oratoris
737 539 859 588 ipsius
887 538 1017 576 verbis
1045 537 1222 586 efficitur,
1250 538 1349 575 nihil
1377 538 1483 575 aliud
1511 539 1551 575 in

138 601 590 651 Theogenis'testimonio
612 601 697 648 fuit,
725 603 801 640 nisi
823 601 930 651 quod
951 602 1020 639 illa
1040 602 1204 639 formula
1227 603 1407 640 continet.
1436 601 1547 639 Wes-

139 668 338 703 termanno
373 664 529 714 quidem
563 665 852 715 concedendum
889 669 956 714 est,
996 668 1184 704 oratorem
1220 667 1275 703 ita
1301 666 1460 702 minime
1489 665 1552 702 de-

140 729 424 778 monstravisse,
448 728 552 779 quod
564 728 906 767 demonstrandum
928 729 1004 768 sibi
1016 733 1275 781 proposuerat
1299 729 1552 779 Areopagitas

140 794 275 832 Phano
312 794 554 843 peregrinam
593 795 838 843 cognovisse3
887 798 926 831 at
968 795 1010 831 id
1047 806 1126 831 non
1175 798 1307 832 contra
1344 793 1553 831 testimonii

139 858 417 906 auctoritatem,
453 857 521 895 sed
556 857 682 907 potius
710 860 844 896 contra
844 859 1245 926 argumentationem
1275 858 1434 895 oratoris
1464 857 1551 895 affe-

139 921 306 961 rendum
333 924 422 960 erat.

174 993 176 996 ’
244 984 349 1024 Num
378 985 499 1035 igitur
525 988 651 1023 orator
679 985 726 1024 de
751 985 896 1025 iudicio
924 987 1230 1037 areopagitarum
1267 989 1370 1024 recte
1400 985 1550 1031 dixerit,

138 1051 224 1088 iure
253 1050 421 1087 dubitari
448 1053 584 1099 potest,
611 1051 836 1100 praesertim
864 1062 953 1088 cum
981 1062 1108 1101 neque
1135 1051 1229 1100 ipse,
1257 1053 1301 1087 ut
1328 1051 1405 1087 iam
1433 1061 1550 1099 supra

92 1127 97 1131 ·
141 1115 447 1163 commemoravi,
474 1114 554 1152 ullo
582 1114 666 1152 loco
690 1114 1006 1164 comprobaverit,
1034 1114 1169 1152 Phano
1193 1125 1275 1152 esse
1297 1115 1550 1164 peregrinam,

140 1182 178 1217 et
205 1178 430 1228 Stephanus,
457 1178 498 1215 id
532 1177 635 1228 quod
669 1189 720 1216 ex
760 1180 782 1226 ξ
822 1180 898 1217 119
926 1179 1157 1216 concludere
1185 1178 1286 1226 licet,
1322 1190 1406 1215 eam
1441 1190 1549 1216 suam

140 1254 222 1281 esse
249 1242 380 1291 filiam,
409 1253 460 1281 ex
486 1243 612 1292 priore
639 1253 762 1280 uxore
789 1245 930 1291 natam,
959 1242 1179 1281 defenderit.
1236 1242 1282 1279 Id
1306 1242 1448 1291 quiden
1471 1254 1549 1279 non

139 1306 350 1355 abnuerim,
388 1318 431 1344 re
468 1317 562 1344 vera
594 1306 823 1356 areopagitis
857 1305 1080 1345 auctoribus
1119 1306 1253 1344 Phano
1293 1318 1315 1343 a
1350 1306 1548 1356 Theogene

141 1370 338 1410 dimissam
377 1381 478 1418 esse;
524 1371 653 1409 nescio
691 1373 819 1408 autem
855 1383 903 1409 an
936 1373 1091 1421 propter
1130 1370 1223 1408 alias
1257 1381 1391 1408 causas
1422 1373 1548 1420 -atque

139 1439 266 1474 orator
294 1435 389 1474 dicit
416 1434 497 1485 (cfr.
528 1437 550 1483 ξ
580 1436 628 1473 81
659 1431 783 1473 εδεῐτο
818 1430 839 1472 ὃ
871 1436 1057 1486 Θεογένης
1084 1430 1264 1496 ἱκετεύων
1295 1434 1360 1472 καὶ
1401 1429 1547 1483 ἀντιβο-

139 1498 223 1547 λῶν,
259 1498 378 1547 λέγων
421 1493 480 1537 ὅτι
513 1494 582 1537 οὐκ
605 1496 689 1552 ᾔδει
716 1501 889 1550 Νεαίρας
924 1494 1046 1550 αὐτὴν
1073 1490 1190 1536 οὖσαν
1216 1500 1424 1548 θυγατέρα,
1454 1493 1548 1536 ἀλλ’

139 1560 409 1615 ἐξαπατηθείη
446 1558 525 1600 ὑπὸ
554 1560 765 1611 Στεφάνου,
805 1559 854 1605 ὥς
891 1558 1012 1600 αὐτοῦ
1039 1564 1236 1613 θυγατέρα
1272 1554 1389 1600 οὖσαν
1428 1558 1550 1613 αυτὴν

138 1623 347 1676 λαμβάνων
383 1629 539 1678 γνησίαν
564 1625 663 1664 κατὰ
699 1624 768 1664 τὸν
799 1623 920 1674 νόμον
947 1630 985 1665 et
1013 1627 1035 1675 ἓ
1065 1628 1115 1666 82
1143 1624 1213 1680 τὴν
1240 1624 1310 1675 γὰρ
1339 1623 1551 1679 ἄνθρωπον

140 1684 373 1742 αποπέμψω
410 1687 453 1728 ἐκ
488 1692 554 1741 τῆς
590 1689 720 1738 οἰκίας,
758 1688 895 1742 επειδὴ
923 1704 992 1728 ουκ
1021 1688 1100 1729 ἔστι
1127 1686 1328 1739 Στεφάνου
1364 1686 1549 1741 θυγάτηρ,

140 1750 237 1793 ἀλλὰ
275 1757 449 1805 Νεαίρας
482 1755 566 1804 etc.)
610 1755 651 1793 id
683 1757 813 1806 ipsum
848 1755 895 1794 ab
930 1768 975 1794 eo
1009 1743 1296 1805 postulaverint.
1373 1754 1550 1793 Primum

140 1820 244 1857 enim
266 1819 401 1858 Phano
429 1824 585 1870 propter
611 1820 732 1858 vitam
758 1819 959 1859 inhoneste
988 1822 1111 1857 actam
1140 1820 1223 1857 sine
1251 1818 1367 1857 dubio
1389 1819 1551 1869 indigna

140 1886 230 1932 erat,
252 1896 353 1934 quae
375 1896 528 1924 summo
550 1885 618 1923 illo
641 1884 853 1923 sacerdotio
875 1884 1117 1934 fungeretur3
1142 1895 1227 1921 eam
1250 1884 1354 1930 enim
1378 1883 1549 1921 aPhras-

139 1949 220 1997 tore
248 1948 362 1988 domo
399 1949 561 1987 eiectam
599 1949 817 1987 meretricio
846 1960 953 1987 more
991 1949 1137 1986 vixisse
1170 1948 1410 1998 areopagitae
1446 1951 1549 1989 certe

139 2013 362 2060 quaestione
388 2013 565 2051 instituta
592 2013 876 2052 intellexerunt,
910 2012 1027 2059 ,Tum
1049 2012 1280 2062 Theogenes,
1303 2023 1392 2049 cum
1415 2010 1547 2049 Phano

140 2073 306 2130 duceret,
339 2076 465 2127 legem
503 2067 611 2116 illam
643 2089 801 2128 prorsus
837 2077 1071 2128 neglexerat,
1111 2076 1158 2115 de
1187 2088 1266 2126 qua
1293 2080 1419 2115 orator
1446 2077 1468 2125 ξ
1497 2078 1546 2115 75

138 2137 329 2189 loquitur:
357 2139 429 2192 τὴν
456 2140 497 2179 δὲ
519 2146 678 2189 γυναῖκα
705 2137 827 2179 αὐτοῦ
853 2140 976 2189 νόμον
998 2139 1137 2178 ἔθεντο
1166 2169 1174 2177 .
1199 2171 1206 2178 .
1231 2170 1238 2177 .
1263 2135 1362 2178 εἶναι
1382 2138 1437 2191 μὴ
1465 2137 1546 2177 ἑπο-

138 2205 373 2255 μέμιγμένην
406 2203 522 2257 ἑτέρῳ
559 2201 678 2256 ἀνδρί,
713 2201 810 2244 α’λλά
838 2207 1040 2257 παρθένον
1066 2210 1213 2254 γαμεῖν.
1276 2205 1448 2244 Fortasse
1476 2206 1547 2255 igi-

139 2268 203 2305 tur
241 2266 288 2304 ob
328 2280 392 2308 eas
430 2274 584 2310 tantum
619 2283 680 2309 res
714 2272 954 2321 areopagitae
989 2272 1024 2309 ei
1058 2274 1373 2309 succensuerunt.
1428 2272 1486 2307 Ita
1514 2271 1547 2307 si

137 2333 211 2380 τ’θῦ,
226 2340 268 2368 se
294 2331 439 2381 habuit,
466 2334 552 2374 fieri
577 2347 659 2373 non
686 2336 868 2386 potuisse,
896 2339 941 2373 ut
975 2335 1053 2384 illa,
1087 2347 1185 2384 quae
1214 2338 1338 2372 orator
1365 2334 1413 2371 de
1441 2345 1547 2371 areo-

138 2393 355 2442 pagitarum
365 2397 510 2436 iudicio
526 2400 688 2448 dixerat,
698 2411 790 2437 vero
802 2400 1022 2437 testimonio
1036 2398 1365 2446 confirmarentur,
1377 2402 1543 2447 apparet.

244 2455 393 2499 Deinde
440 2461 537 2502 falso
581 2463 900 2502 Westermannus
948 2463 1115 2512 indicat,
1164 2463 1402 2512 Theogenem
1446 2463 1544 2500 nihil

138 2519 327 2570 hflbuisoe,
366 2535 436 2563 cut
471 2539 552 2566 non
587 2528 753 2566 libenter
779 2539 844 2576 ea,
878 2538 978 2577 quae
1015 2528 1058 2572 in
1096 2527 1162 2564 illa
1196 2527 1364 2564 formula
1399 2524 1544 2576 insunt,

1332 2593 1353 2622 3
