1709 2851
745 97 1010 135 „46—

164 202 441 252 Vermuthung
480 201 694 240 aufstellen.
756 200 832 239 Mir
866 201 1017 240 scheint
1044 201 1107 241 die
1134 201 1342 240 Anuahme
1369 202 1474 248 einer
1499 200 1583 240 offi-

165 266 305 305 ciellen
334 265 589 316 Vertheilung
626 267 734 304 nicht
761 265 1139 304 unwahrscheinlich
1166 278 1217 304 zu
1255 267 1351 314 sein,
1384 265 1472 304 weil
1498 265 1582 303 sich

165 333 271 367 sonst
298 329 421 368 leicht
454 330 541 368 eine
576 329 718 380 Menge
752 328 986 379 Neubiirger
1021 329 1063 366 in
1102 329 1190 368 eine
1230 329 1409 368 einzelne‘
1435 328 1583 379 Karpo-

165 395 291 431 ration
320 393 451 432 hatten
480 394 881 444 zusammendtiingen
911 393 993 431 und
1022 405 1065 431 so
1094 393 1162 431 das
1185 392 1584 432 Stimmenverhiiltnis

166 469 216 494 zu
244 456 480 507 Ungunsten
509 458 579 496 der
606 457 820 508 Altbiirger
847 458 977 496 hatten
1006 456 1259 503 verschieben
1286 457 1477 497 konnen.“
1510 457 1586 496 Eo-

168 521 253 559 dem
279 525 436 560 auctore
467 523 549 570 (cfr.
574 535 658 572 pag.
688 523 779 570 601)
809 522 1051 569 coniecerim,
1078 524 1165 571 post
1185 516 1308 559 >verba
1336 521 1404 559 illa
1428 521 1494 559 καὶ
1516 519 1586 564 τὰς

167 581 292 633 φυλάς
325 590 393 624 aut
428 598 561 625 vocem
595 587 785 634 φρατρίας
819 588 886 623 aut
913 585 1111 631 nonnulla,
1141 597 1241 634 quae
1276 585 1325 622 de
1352 586 1445 634 ipsis
1473 586 1584 634 phra-

167 649 252 686 triis
282 653 403 697 erant,
430 649 682 687 intercidisse.

278 712 367 751 Van
397 713 472 751 den
501 712 554 750 Es
582 726 667 763 pag.
698 715 749 750 24
780 713 826 750 de
853 713 941 760 illis,
972 725 1072 761 quae
1101 715 1123 759 ξ
1156 714 1230 750 106
1255 713 1422 761 legimus
1444 710 1582 749 ἔπειτα

168 777 233 812 καὶ
266 774 336 812 τὸν
362 773 481 823 νόμον
509 777 710 825 διωρίσατο
740 774 782 812 ἐν
810 777 864 826 τῷ
894 777 1117 827 ψηφίσματι
1144 774 1243 826 πρὸς
1271 771 1413 819 αὐτοὺς
1441 771 1587 817 εὐθέως

170 834 272 888 ὑπὲρ
311 852 353 877 τε
387 842 454 890 τῆς
490 837 641 882 πόλεως
669 841 732 877 καὶ
772 842 849 877 τῶν
881 842 988 877 θεῶν
1015 841 1080 877 καὶ
1107 838 1162 890 μὴ
1191 838 1335 884 ἐξεῖναι
1363 836 1490 876 αὐτῶν
1515 852 1586 890 μη-

172 904 258 939 δενί
283 907 352 943 etc.
379 904 473 941 haec
512 904 698 955 disputat:
742 903 867 953 „Quid
905 915 954 942 ex
982 903 1178 955 prioribus
1206 903 1406 943 vocabulis
1435 904 1588 943 elicien-

172 968 264 1005 dum
299 969 360 1015 sit,
401 980 479 1006 non
516 969 673 1007 difficile
710 973 769 1007 est
803 970 931 1007 dictu:
973 969 1039 1006 illa
1077 981 1146 1018 pro
1185 979 1226 1005 re
1265 968 1420 1017 publica
1455 972 1493 1005 et
1520 980 1588 1018 pro

173 1031 258 1079 diis,
287 1027 388 1080 ὑπέρ
417 1044 461 1068 τε
489 1033 555 1083 τῆς
584 1029 734 1074 πόλεως
756 1033 821 1069 καὶ
844 1033 921 1069 τᾶν
942 1033 1059 1079 θεῶν,
1089 1031 1319 1082 significant,
1347 1033 1393 1070 iis
1417 1032 1589 1070 omnium

172 1096 305 1132 iurum
346 1099 383 1133 et
421 1097 593 1133 civilium
629 1101 666 1133 et
701 1097 923 1133 divinorum
961 1096 1273 1132 communionem
1314 1096 1438 1132 datam
1477 1095 1590 1131 esse.“

174 1158 358 1207 Apparet,
381 1159 507 1195 virum
531 1159 687 1196 doctum
710 1170 911 1209 perperam
934 1158 1054 1196 verba
1075 1158 1143 1195 illa
1164 1153 1265 1207 ὑπέρ
1287 1169 1331 1195 τε
1353 1159 1420 1208 τῆς
1444 1155 1592 1199 πόλεως

171 1220 236 1257 καὶ
264 1222 342 1258 τῶν
369 1223 476 1258 θεῶν
503 1224 797 1273 interpretatum
828 1234 918 1261 esse.
983 1222 1068 1260 Illis
1097 1222 1201 1259 enim
1229 1219 1297 1259 τὸν
1325 1218 1444 1269 νόμον
1471 1222 1591 1270 διωρί-

173 1294 267 1322 σατο
305 1277 451 1327 εὐθέως
480 1281 580 1335 ὑπέρ
615 1298 658 1323 τε
687 1288 753 1329 τῧς
781 1283 931 1329 πόλεως
958 1286 1023 1324 καὶ
1051 1287 1127 1324 τῶν
1154 1287 1261 1323 θεῶν
1289 1290 1418 1324 orator
1450 1286 1592 1330 laudat,

173 1360 273 1396 eum,
305 1350 372 1398 qui
400 1351 639 1405 rogationem
673 1350 823 1398 tulerat,
863 1351 991 1400 legem
1018 1351 1127 1388 illam
1155 1349 1220 1386 καὶ
1248 1346 1303 1400 μὴ
1337 1346 1478 1393 ἐξεῖναι
1523 1352 1591 1386 etc.

174 1416 351 1450 secutum
391 1424 484 1461 esse,
519 1425 687 1464 eumque
722 1415 775 1452 ita
804 1415 1050 1453 constituisse
1080 1414 1174 1452 dicit
1200 1425 1269 1463 pro
1304 1425 1346 1451 re
1373 1413 1528 1462 public-a
1556 1418 1593 1450 et

174 1489 244 1526 pro
269 1477 355 1515 diis.
418 1476 481 1513 Ad
504 1488 586 1513 rem
613 1478 809 1526 publicam
834 1480 937 1516 enim
961 1490 1005 1515 ea
1027 1478 1231 1527 pertinent,
1255 1488 1354 1526 quae
1376 1478 1417 1513 in
1441 1476 1592 1514 decreto

177 1540 225 1577 de
264 1551 426 1578 munere
458 1540 686 1579 archontum
725 1543 990 1595 inveniuntur,
1027 1542 1076 1580 ad
1113 1541 1204 1580 deos
1233 1553 1287 1589 ea,
1330 1552 1429 1589 quae
1452 1540 1516 1577 ille
1547 1541 1594 1577 de

176 1605 398 1641 sacerdotiis
427 1608 619 1650 statuerat.

286 1667 420 1706 Restat
454 1672 582 1706 autem
619 1670 657 1706 in
696 1669 862 1708 formula
890 1670 1105 1715 difficultas,
1136 1681 1252 1719 quam
1282 1680 1344 1706 me
1373 1679 1453 1705 non
1479 1668 1594 1717 plane

177 1732 312 1769 tollere
339 1743 451 1781 posse
474 1732 594 1771 libere
616 1734 747 1771 fateor.
780 1734 877 1772 Eam
906 1736 984 1772 iam
1007 1734 1155 1771 Petitus
1165 1735 1192 1780 1)
1226 1732 1418 1781 cognovit.
1465 1730 1595 1778 „Men-

177 1795 280 1843 dose,
309 1796 447 1845 inquit,
475 1796 539 1834 hic
567 1798 709 1848 legitur
736 1796 840 1836 πλνν
879 1797 918 1836 εἴ
951 1811 1007 1841 τις
1048 1793 1231 1847 ἱερωσύνη
1269 1791 1293 1847 ἢ
1327 1791 1465 1845 τελετή
1495 1791 1596 1831 ἐστιν

178 1856 222 1895 ἐκ
249 1862 387 1906 γένους,
416 1854 505 1898 nam
543 1874 591 1899 ne
629 1853 836 1912 indigenae
877 1863 1032 1912 quidem
1073 1863 1177 1899 cives
1206 1860 1463 1909 Athenienses
1491 1861 1596 1908 pote-

177 1928 267 1960 rant
296 1924 380 1972 capi
403 1925 629 1975 sacerdotes,
663 1926 732 1964 ubi
761 1927 1016 1965 sacerdotium
1056 1929 1136 1964 erat
1175 1925 1338 1963 alicuius
1366 1923 1492 1973 gentis
1531 1926 1598 1960 aut

179 1986 348 2025 familiae
386 1990 596 2038 proprium,
623 1991 699 2028 nisi
729 1991 776 2028 de
805 2003 850 2029 ea
877 1981 992 2041 gente
1021 1993 1088 2028 aut
1114 1989 1261 2027 familia
1289 1990 1427 2026 essent.
1482 1985 1598 2024 Prae-

176 2056 285 2089 terea
307 2050 586 2092 Demosthenes
615 2055 657 2091 in
681 2055 933 2104 sequentibus
973 2054 1044 2103 (cfr
1079 2055 1101 2102 ξ
1143 2053 1235 2102 106)
1263 2053 1356 2090 satis
1383 2051 1491 2088 'clare
1533 2061 1599 2088 ex-

180 2115 308 2165 plicat,
337 2116 466 2152 omnia
494 2117 706 2156 sacerdotia
735 2120 874 2169 excipi,
903 2131 982 2157 non
1005 2119 1072 2156 illa
1095 2120 1258 2164 tautum,
1287 2127 1385 2165 quae
1408 2112 1450 2152 ἐκ
1471 2117 1599 2161 γένους

181 2180 321 2217 erant.“
378 2179 514 2227 Itaque
537 2181 591 2218 sic
614 2182 680 2219 ille
704 2183 950 2220 scribendum
967 2193 1050 2220 esse
1073 2184 1198 2231 putat:
1234 2176 1338 2216 πλνιΥ
1361 2176 1400 2215 εἴ
1417 2190 1473 2220 τις
1494 2176 1599 2228 ἱερω-

180 2239 274 2293 σύνη
297 2238 321 2294 ἢ
344 2239 483 2279 τελεςτίς
516 2240 617 2281 ἐστιν
651 2241 814 2293 εὐγενῶν
851 2246 949 2297 μηδὲ
984 2248 1062 2284 τῶν
1089 2242 1199 2282 ἐννέα
1234 2239 1445 2292 ἄρχόντων;
1483 2255 1599 2292 quam

183 2309 445 2345 coniecturam
481 2307 763 2360 Wesselingius
788 2312 944 2360 quidem
955 2311 984 2359 2)
1013 2311 1098 2347 iure
1126 2308 1317 2355 refutavit,
1345 2307 1441 2344 falso
1470 2309 1600 2360 tamen

276 2466 300 2505 ¹)
323 2465 447 2498 Comm.
470 2460 505 2490 in
527 2459 615 2501 leges
638 2461 757 2493 atticas
779 2460 836 2492 lib.
858 2460 892 2492 11
914 2460 954 2491 tit
976 2459 1035 2491 III.
1091 2492 1094 2496 A

272 2519 299 2560 2)
322 2519 386 2551 Cfr.
410 2519 482 2550 eius
505 2516 744 2549 annotationem
767 2514 808 2545 ad
830 2513 947 2546 locum.
