1709 2851
219 674 332 732 Litis
378 694 649 740 instrumenta,
698 704 797 742 quae
831 692 1068 731 orationibus
1107 693 1306 731 nonnullis
1346 693 1550 731 atticorum

139 762 331 796 oratorum
366 760 509 795 inserta
543 757 592 794 ad
625 768 695 794 nos
728 761 1003 805 pervenerunt,
1042 760 1173 794 utrum
1208 758 1379 806 genuina
1417 759 1550 794 existi-

138 822 278 859 manda
306 825 431 860 essent
452 832 584 869 necne,
612 821 686 858 viri
710 820 811 858 docti
834 832 959 871 usque
987 821 1035 859 ad
1062 824 1231 858 nostram
1253 824 1414 859 aetatem
1438 833 1550 872 saepe

138 899 182 924 ac
219 887 418 936 diligenter
457 885 730 932 disseruerunt.
742 885 771 934 1)
826 885 942 923 Initio
971 897 1036 923 eos
1064 887 1270 935 praecipue
1297 887 1345 923 iis
1372 886 1549 924 formulis

137 962 291 999 operam
309 950 468 997 dedisse,
492 961 588 998 quae
610 950 652 986 in
672 948 940 987 Demosthenis
964 949 1011 987 de
1029 961 1170 986 corona
1193 950 1362 987 oratione
1386 953 1548 996 exstant,

136 1017 290 1064 propter
317 1014 499 1052 orationis
527 1014 651 1063 ipsius
679 1013 889 1052 claritatem
918 1017 1034 1063 atque
1061 1015 1287 1064 gravitatem
1316 1026 1462 1063 rerum,
1502 1015 1549 1052 de

136 1079 278 1127 quibus
307 1090 351 1116 ea
379 1079 516 1127 agitur,
549 1089 628 1115 non
656 1079 798 1115 mirum
826 1077 988 1116 videtur.
1044 1076 1263 1115 Nonnullas
1292 1077 1548 1125 difficultates,

136 1154 230 1192 quas
257 1143 347 1180 illae
374 1141 527 1189 habent,
562 1154 650 1180 cum
680 1142 900 1182 Boeckhius
911 1142 940 1191 2)
969 1143 1111 1191 aliique
1138 1143 1272 1180 tollere
1299 1143 1548 1191 studuissent,

133 1206 375 1255 Droysenius
387 1206 417 1256 3)
445 1207 613 1244 maxime
640 1207 783 1245 frustra
811 1207 1036 1244 adversante
1064 1206 1308 1244 Boehneckio
1318 1209 1347 1255 4)
1384 1208 1549 1244 auctori-

133 1274 249 1309 tatem
288 1283 420 1309 earum
453 1272 678 1322 gravissime
716 1272 901 1310 labefecit.
957 1271 1065 1309 Idem
1103 1272 1291 1309 iudicium
1331 1272 1377 1309 de
1412 1273 1548 1309 ceteris

135 1336 314 1373 omnibus
346 1336 426 1373 litis
459 1336 743 1382 instrumentis,
784 1347 882 1385 quae
920 1337 962 1373 in
996 1336 1082 1373 aliis
1117 1336 1353 1374 orationibus
1383 1340 1548 1384 exstant,

132 1399 351 1437 faciendum
397 1412 480 1438 esse
521 1401 709 1450 imprimis
749 1400 1068 1438 Westermannus
1079 1401 1118 1448 ⁵),
1171 1402 1230 1437 vir
1274 1401 1546 1449 antiquitatum

132 1475 357 1513 graecarum
384 1465 659 1513 peritissimus,
698 1464 823 1502 tribus
857 1463 1245 1502 commentationibus
1285 1464 1548 1502 demonstrare

133 1532 292 1565 conatus
320 1531 386 1566 est.
433 1527 558 1573 Quam
586 1530 812 1566 sententiam
834 1532 984 1578 praeter
1007 1528 1149 1565 multos
1173 1528 1267 1565 alios
1289 1530 1392 1565 viros
1416 1529 1547 1565 doctos

132 1591 356 1630 Voemelius
366 1593 394 1636 ⁶)
432 1592 711 1643 comprobavit,
753 1593 821 1643 qui
858 1593 940 1642 ipse
969 1596 1080 1630 antea
1110 1593 1375 1630 auctoritatem
1402 1592 1546 1641 formu-

244 1699 268 1739 1)
292 1697 409 1730 Omnia
442 1699 508 1731 fere
537 1699 672 1740 scripta,
704 1709 788 1740 quae
811 1699 852 1731 ad
873 1699 958 1730 hanc
981 1699 1205 1739 quaestionem
1228 1699 1406 1739 pertinent,
1437 1699 1546 1730 Wort-

133 1761 270 1783 mannus
303 1752 336 1782 in
371 1752 598 1784 dissertatione
631 1762 714 1793 quae
750 1752 941 1784 inscribitur
973 1752 1043 1791 „De
1077 1752 1218 1783 decretis
1251 1752 1284 1782 in
1317 1752 1546 1784 Demosthenis

132 1805 313 1837 Aeschinea
324 1806 530 1838 exstantibus
546 1806 653 1839 atticis
668 1806 841 1847 libelloque
856 1805 1049 1838 Aeschinis“
1064 1805 1230 1847 Marburgi
1252 1809 1331 1838 1877
1347 1816 1418 1848 pag.
1440 1811 1453 1838 1
1472 1816 1541 1848 sqq.

133 1859 321 1899 composuit.

239 1912 265 1953 93)
288 1912 545 1954 Abhandlungen
579 1913 636 1944 der
663 1913 809 1944 Berlinor
837 1913 1026 1953 Akademie,
1059 1913 1276 1954 hist-philos
1310 1913 1427 1945 Klasse
1459 1915 1538 1945 1827

132 1976 202 2008 pag.
229 1967 288 1997 129
313 1975 381 2006 sqq.
407 1965 586 2006 (Opuscula
607 1967 654 2005 IV
676 1976 746 2008 pag.
772 1969 834 1999 266
857 1968 948 2007 sqq.).

238 2019 264 2059 ³)
287 2019 475 2050 Zeitschrift
497 2020 549 2050 fiir
571 2020 623 2051 die
646 2020 1053 2052 Altertumswissenschaft
1078 2023 1169 2061 1839,
1193 2030 1244 2052 no.
1258 2023 1299 2052 68
1323 2030 1398 2061 sqq,
1422 2020 1539 2051 ibidem

134 2075 215 2105 1845
237 2082 287 2104 no.
312 2074 330 2104 2
354 2082 422 2113 sqq.

238 2127 263 2167 ⁴)
286 2126 516 2168 Forschungen
538 2129 596 2159 auf
616 2129 689 2159 dem
713 2128 844 2159 Gebiete
867 2128 924 2159 der
945 2128 1105 2159 attischen
1122 2127 1251 2159 Redner
1273 2130 1365 2159 1843.

242 2180 268 2221 ⁶)
291 2189 319 2212 a.
343 2179 391 2210 De
414 2179 482 2212 litis
504 2181 742 2222 instrumentis,
767 2191 850 2222 quae
873 2183 1002 2213 exstant
1025 2181 1059 2213 in
1083 2181 1228 2213 oratione
1249 2181 1283 2212 in
1298 2181 1435 2213 Midiam
1454 2184 1545 2213 1844.

297 2233 327 2264 b.
350 2232 648 2276 Untersuehungen
676 2235 757 2266 iiber
789 2235 840 2266 die
867 2235 901 2265 in
929 2235 979 2266 die
1007 2235 1166 2266 attischen
1190 2234 1317 2266 Redner
1344 2234 1546 2276 eingelegten

137 2287 315 2321 Urkunden
337 2286 369 2317 in
392 2286 652 2330 Abhandlungen
675 2289 732 2321 der
755 2289 859 2321 sachs.
877 2288 1053 2322 Gesellsch.
1078 2289 1135 2321 der
1151 2288 1350 2321 Wissensch.
1374 2288 1544 2330 phil-hist.

135 2342 250 2375 masse
276 2343 357 2374 1850
378 2341 396 2373 Ι
417 2341 488 2382 pag.
515 2345 529 2373 1
555 2352 625 2384 sqq.

299 2405 325 2427 o.
350 2394 398 2426 De
419 2394 634 2427 iurisiurandi
662 2397 810 2429 iudicum
833 2397 1080 2429 Atheniensium
1103 2396 1256 2437 formula,
1281 2405 1363 2437 quae
1385 2396 1491 2427 exstat
1512 2395 1546 2426 in

135 2448 364 2483 Demosthenis
387 2448 530 2480 oratione
551 2449 585 2480 in
606 2450 820 2483 Timocratem
846 2453 936 2483 1858.

243 2503 270 2543 ⁶)
294 2502 481 2533 Zeitschrift
504 2503 557 2532 fiir
578 2503 629 2534 die
651 2504 1056 2536 Altertumswissenschaft
1075 2507 1152 2536 1851
1178 2513 1229 2535 no.
1254 2506 1294 2535 30
1318 2505 1351 2534 et
1366 2506 1417 2535 31.
1440 2502 1544 2533 Praef.

137 2558 178 2590 ad
201 2557 291 2589 Dem.
316 2566 360 2589 or.
384 2566 410 2588 c.
434 2555 551 2588 Aesch.
1294 2603 1308 2631 1
