1709 2851
732 116 997 152 —12—

148 236 316 280 careten,
344 235 429 270 tum
457 231 596 269 deinde
616 230 807 268 Neaeram
835 243 964 270 amare
991 233 1095 271 idem
1112 233 1329 284 Stephanus
1356 233 1522 284 potuerit
1531 233 1571 269 ?“

148 301 307 348 propter
334 308 389 346 ea,
419 307 518 347 quae
546 308 596 334 ex
624 296 796 334 oratione
824 297 909 346 ipsa
937 296 1164 348 colligimus,
1192 310 1271 336 non
1301 297 1481 337 credibile
1504 300 1570 336 est.

150 362 327 399 Primum
368 362 471 399 enim
511 363 594 399 sine
625 360 744 398 dubio
777 359 957 399 Nicarete
996 362 1119 400 multo
1156 362 1285 412 plures
1324 374 1445 400 annos
1483 365 1573 400 nata

149 430 231 464 erat
255 438 369 475 quam
383 425 618 475 Stephanus;
648 428 733 462 tum
761 426 795 462 is
823 426 865 462 in
882 426 1088 464 amicitiam
1111 425 1281 463 Neaerae
1303 438 1381 463 non
1403 430 1572 475 venerat,

149 501 237 526 cum
252 489 413 526 cadomi
426 488 627 526 Nicaretae
656 491 746 536 crat,
775 488 844 525 sed
872 489 996 526 multo
1024 492 1126 539 post,
1156 500 1244 526 cum
1272 488 1422 527 Neaera
1451 490 1519 528 diu
1550 502 1572 528 a

147 554 236 592 lena
263 553 426 592 liberata
456 553 621 603 Megaris
649 551 875 590 versabatur
903 552 984 602 (cfr.
1015 554 1037 602 ἓ
1061 555 1136 601 37).
1189 553 1412 591 Athenaeus
1440 557 1570 592 autem

149 619 256 656 haud
285 618 403 656 dubie
432 619 571 665 omnia,
608 629 708 666 quae
746 617 813 654 illo
842 617 925 654 loco
955 621 1096 666 narrat,
1135 629 1184 655 ex
1212 618 1319 655 nullo
1358 618 1434 655 alio
1466 617 1572 655 fonte

150 683 227 720 nisi
256 694 305 720 ex
327 683 498 720 oratione
526 683 567 718 in
580 681 769 719 Neaeram
790 681 936 728 hausit3
968 694 1085 731 quare
1113 683 1174 720 vel
1203 683 1377 720 ordinem
1405 682 1571 720 eundem

148 747 298 794 retinet,
328 758 404 796 quo
434 749 562 783 orator
592 746 677 794 §19
707 745 941 792 meretrices,
972 757 1071 795 quae
1099 745 1268 785 Neaerae
1296 746 1422 784 sociae
1451 749 1569 792 erant,

149 812 400 849 enumeravit.

258 876 439 913 Alterum
472 876 698 912 Athenaeus
731 875 935 924 peccavit,
963 875 1067 923 quod
1095 875 1298 921 Neaeram,
1329 875 1570 923 Metaniram,

148 943 294 977 ceteras
329 940 549 978 meretrices
591 938 692 977 Casii
727 938 802 987 (vel
836 939 966 989 potius
1001 938 1177 987 Charisii)
1208 950 1336 977 servas
1364 939 1482 977 fuisse
1511 951 1570 977 re-

147 1003 230 1043 fert.
270 1003 448 1042 Nicarete
477 1004 636 1054 quidem
665 1015 776 1041 serva
804 1005 888 1041 eius
910 1003 985 1040 fuit
1014 1003 1094 1049 (cfr.
1124 1004 1146 1051 ξ
1171 1005 1252 1051 18);
1282 1016 1410 1053 neque
1437 1007 1568 1041 tamen

146 1071 357 1118 antequam
395 1068 612 1106 libertatem
642 1067 781 1117 adepta
820 1069 893 1113 est,
930 1067 1016 1105 illas
1044 1067 1195 1117 puellas
1232 1067 1305 1105 sibi
1334 1069 1567 1118 comparavit

147 1144 192 1169 ac
220 1133 413 1170 lenocinio
441 1134 591 1169 victum
621 1133 821 1181 quaesivit.
861 1131 947 1168 Hoc
976 1132 1200 1169 Athenaeus
1229 1144 1318 1169 cum
1346 1143 1482 1181 parum
1510 1133 1568 1168 in-

147 1196 356 1246 tellegeret,
372 1207 455 1233 rem
470 1197 524 1233 ita
540 1195 721 1244 turbavit,
733 1198 778 1233 ut
794 1195 999 1233 Nicareten
1017 1194 1228 1234 Metanirae
1241 1199 1278 1234 et
1290 1196 1425 1234 ceteris
1437 1207 1567 1245 parem

147 1264 317 1309 poneret.
385 1260 541 1296 Futtilis
580 1260 699 1308 igitur
738 1259 1092 1308 Schweighaeuseri
1137 1260 1357 1297 coniectura
1396 1259 1565 1297 videtur:

149 1322 253 1372 „Nec
292 1334 383 1361 vero
412 1335 434 1361 a
461 1321 722 1361 Demosthene
763 1322 949 1361 dissidere
978 1323 1195 1362 censendus
1235 1327 1292 1362 est
1332 1323 1568 1372 Athenaeus,

149 1388 253 1437 quod
281 1389 344 1426 hic
371 1388 634 1426 meretriculas
670 1389 763 1425 istas
790 1388 910 1425 fuisse
941 1387 1042 1425 Casii
1070 1387 1154 1425 Elei
1184 1389 1251 1435 ait3
1289 1388 1355 1426 ille
1382 1400 1474 1426 vero
1502 1388 1569 1427 Ni-

140 1455 298 1490 ·caretae
336 1452 457 1490 fuisse
491 1451 671 1498 affirmat3
709 1463 799 1489 nam
839 1464 862 1489 a
908 1451 1081 1503 Charisio
1120 1451 1214 1490 Eleo
1255 1452 1445 1501 accepisse
1481 1452 1567 1490 illas

138 1515 365 1555 Nicaretam
392 1516 504 1553 facile
526 1516 775 1566 intellegitur,
805 1528 904 1565 quae
927 1515 1086 1553 fortasse
1115 1517 1229 1553 etiam
1252 1517 1487 1554 lenocinium
1515 1518 1570 1554 ita

147 1580 364 1628 exercebat,
392 1583 437 1617 ut
464 1591 552 1629 pars
582 1583 765 1628 quaestus
794 1591 844 1617 ex
872 1582 982 1629 pacto
1012 1580 1060 1616 ad
1088 1580 1199 1617 illum
1227 1580 1398 1617 rediret.“

254 1644 458 1682 Praeterea
482 1644 674 1681 Athenaei
702 1644 855 1681 codices
883 1644 1072 1681 nonnulla
1099 1644 1256 1681 nomina
1284 1644 1358 1681 alia
1385 1643 1571 1692 praebent

146 1712 263 1757 atque
290 1709 332 1744 in
362 1708 533 1744 oratione
571 1708 848 1745 inveniuntur:
887 1703 1027 1748 Κάσιος
1054 1718 1124 1756 pro
1151 1709 1344 1756 Χαρίσιος,
1372 1704 1568 1757 Στροβύλη

145 1784 215 1822 pro
243 1767 454 1821 Στρυβήλη,
483 1770 784 1822 Στρατοκλείδης
811 1783 880 1821 pro
908 1774 1027 1819 ,Σῖμος
1055 1767 1075 1808 ὅ
1108 1768 1348 1821 Θετταλός.1)

258 1830 478 1873 Verisimile
517 1839 584 1883 est,
623 1838 667 1872 ut
695 1835 1015 1873 Westermannus
1049 1838 1242 1885 postremo
1272 1838 1454 1884 annotat,
1493 1834 1567 1873 De-

148 1900 380 1948 mocharem,
419 1900 532 1937 cuius
570 1900 688 1937 frater
714 1899 886 1948 Phrynio
915 1903 1086 1948 vocatur,
1125 1900 1290 1938 eundem
1320 1911 1418 1949 esse,
1456 1901 1569 1938 cuius

147 1967 190 2002 in
201 1964 470 2002 Demosthenis
483 1965 656 2001 oratione
670 1964 712 2000 in
723 1963 922 2014 Euergum
933 1976 968 2013 p.
986 1964 1123 2012 1145§
1140 1965 1212 2010 223
1231 1966 1344 2012 1147,
1357 1965 1429 2013 283
1454 1966 1568 2012 1148,

149 2030 200 2066 32
214 2029 360 2066 mentio
383 2027 437 2065 fit.
467 2027 577 2072 Quod
600 2028 661 2064 vir
685 2027 820 2065 doctus
844 2027 890 2064 de
913 2028 1208 2078 propinquitate,
1233 2039 1331 2077 quae
1353 2028 1454 2065 inter
1477 2039 1566 2065 eum

148 2097 187 2131 et
225 2092 522 2130 Demosthenem
568 2095 757 2129 oratorem
800 2092 1065 2139 intercederet,
1105 2094 1237 2128 contra
1276 2091 1566 2129 Boehneckium

148 2157 326 2205 coniecit,
365 2155 563 2206 probabile
598 2155 754 2194 videtur
789 2167 958 2206 eumque
999 2155 1180 2194 Schaefer
1219 2167 1373 2206 quoque
1413 2154 1568 2204 (Demo-

149 2222 304 2259 sthenes
335 2233 372 2257 u.
402 2233 429 2257 s.
458 2220 539 2257 Zeit
567 2220 626 2257 III
654 2223 678 2257 2
707 2233 792 2270 pag.
821 2222 887 2267 56)
917 2225 1074 2258 secutus
1102 2224 1168 2257 est.

258 2433 282 2474 ¹)
305 2431 433 2465 Nomen
467 2430 549 2463 illud
583 2426 843 2476 Στρατοκλείδης
875 2442 916 2464 ex
949 2441 1029 2464 voce
1060 2429 1243 2476 Σρατόλας,
1278 2441 1360 2473 quae
1394 2431 1570 2473 praecedit,

148 2488 247 2526 atque
277 2496 319 2517 ex
346 2488 502 2526 sequente
529 2487 742 2527 Ξενοκλείδης
770 2488 877 2517 ortum
911 2489 944 2516 ct
976 2495 1034 2525 per
1062 2494 1202 2516 errorem
1235 2485 1269 2515 in
1291 2485 1418 2516 codices
1440 2484 1569 2516 illatum

148 2548 220 2570 esso
243 2538 425 2571 Meinekius
448 2537 566 2570 Athen.
590 2537 637 2569 IV
660 2548 690 2579 p.
715 2540 778 2570 278
801 2537 960 2579 sagaciter
982 2537 1132 2570 coniecit.
