1709 2851
717 88 984 126 ..10—

136 195 211 232 θαι
227 196 403 245 Νέαιραν
429 191 472 232 ἒν
489 196 670 245 Κορίνθῳ
697 192 770 244 τὴν
780 195 850 231 νῦν
872 190 1156 244 ἀγωνιζομένην,
1184 189 1234 235 ὦς
1262 191 1421 243 ἑταίραν
1442 184 1560 231 οὖσαν

136 259 215 295 τῶν
234 259 539 308 μισθαρνουσῶν,
562 258 624 295 καὶ
646 260 853 306 συμπίνειν
874 255 918 295 ἐν
934 260 1112 309 Κορίνθῳ
1126 260 1299 307 Νέαιραν
1319 259 1415 305 μεθ’
1438 253 1559 295 αὑτοῦ

137 322 203 359 καὶ
230 322 484 364 Ξενοκλείδου
510 324 582 360 τοῦ
610 324 785 373 ποιητοῦ.

249 387 358 433 Quae
380 389 422 425 in
445 387 665 425 testimonio
688 390 780 425 sunt
802 391 840 425 et
863 389 1062 437 quae§26
1086 387 1262 436 legimus,
1284 386 1398 435 plane
1408 386 1508 424 inter
1518 397 1559 424 se

141 453 389 496 consentiunt
426 462 552 500 neque
586 452 788 501 perspicio,
817 451 911 501 quid
939 451 1256 490 Westermannus
1283 451 1385 488 inter
1411 452 1559 488 utrum-

140 528 217 566 que
253 517 436 554 interesse
463 518 584 565 putet,
612 526 702 553 cum
730 515 852 554 dicat:
890 515 992 564 „Der
1018 515 1146 553 Inhalt
1173 515 1242 553 der
1263 516 1442 564 Aussage
1468 526 1559 564 mag

139 580 330 630 ungefahr
356 579 526 630 gelautet
553 578 695 617 haben:
725 592 753 617 s.
778 581 800 627 ξ
829 581 914 619 26“.

247 643 294 682 Id
324 643 480 693 quidem
508 644 597 681 miri
620 644 770 693 aliquid
797 644 922 689 habet,
951 645 1056 693 quod
1080 643 1312 682 Xenoclides
1340 655 1419 680 non
1446 643 1558 680 initio

141 708 363 757 testimonii,
390 707 460 746 ubi
488 708 616 758 prima
644 708 727 746 eius
755 709 900 746 mentio
927 708 972 747 fit
985 709 1194 758 (μαρτυρεῖ
1216 707 1469 757 Ξενοκλείδην
1494 706 1559 743 καὶ

142 768 288 820 αὑτὸν),
316 772 383 810 sed
412 776 543 821 postea
572 772 727 809 demum
756 773 984 822 cognomine
1012 773 1079 810 illo
1108 768 1150 822 „15
1179 768 1361 823 ποιηττῗς“ι
1390 774 1558 809 vocatur.

249 836 304 874 At
338 837 557 886 respiciens,
588 848 706 886 quam
734 836 866 875 multis
902 837 987 875 aliis
1020 838 1114 875 locis
1147 837 1404 887 logographus
1438 835 1559 885 negli-

142 903 299 950 gentem
323 904 439 949 atque
462 900 727 949 indiligentem
750 912 791 938 se
813 901 993 950 praebeat
1015 923 1065 929 —
1091 901 1157 939 cfr.
1181 901 1360 950 exempla
1387 910 1559 937 summae

137 964 406 1014 negligentiae,
426 975 525 1014 quae
550 963 794 1015 Lortzingius
818 964 897 1015 „De
909 965 1161 1015 orationibus,
1174 977 1271 1016 quas
1282 964 1560 1011 Demosthenes

138 1041 207 1078 pro
244 1029 481 1078 Apollodoro
516 1031 716 1078 scripsisse
743 1030 885 1067 fertur“
924 1043 1009 1079 pag.
1039 1032 1090 1067 39
1120 1033 1158 1067 et
1186 1031 1237 1067 62
1267 1029 1481 1078 composuit
1507 1049 1560 1054 —

142 1092 233 1130 huic
261 1093 317 1130 rei
345 1092 466 1130 ullam
496 1093 574 1130 vim
604 1092 775 1131 tribuere
802 1105 879 1132 non
909 1105 1077 1144 possum.

480 1201 514 1236 4.
570 1199 628 1237 De
657 1200 876 1238 testimonio
903 1212 937 1250 p.
971 1202 1072 1238 1355
1101 1201 1123 1250 ξ
1153 1201 1215 1240 32.

227 1284 415 1333 Φίλαγρος
429 1282 625 1326 Μελιτεὺς
636 1290 830 1333 μαρτυρεῖ
843 1290 1027 1335 παρεῖναι
1040 1283 1082 1323 ἐν
1103 1288 1283 1340 Κορίνθῳ
1295 1283 1360 1323 ὅτε
1386 1286 1562 1334 Φρυνίων

141 1344 162 1384 ὃ
186 1344 441 1399 Δημοχάρους
479 1343 645 1397 ἀδελφὸς
682 1351 883 1386 κατετίθει
923 1348 1038 1387 εἴκοσι
1076 1352 1175 1397 μνᾶς
1202 1352 1373 1399 Νεαίρας
1399 1350 1467 1399 τῆς
1493 1349 1562 1385 νῦν

142 1408 415 1462 ἀγωνιζομένης
437 1413 675 1463 Τιμανορίδᾳ
696 1415 751 1464 τῷ
766 1415 961 1464 Κορινθίῳ
983 1414 1047 1450 καὶ
1066 1410 1258 1464 Εὐκράτει
1280 1416 1334 1465 τῷ
1356 1413 1561 1464 Λευκαδίῳ

140 1477 205 1514 καὶ
232 1477 418 1518 καταθεὶς
445 1475 490 1514 τὸ
520 1473 698 1526 ἀργύριον
726 1475 844 1527 ᾤχετο
875 1474 1035 1525 ἀπάγων
1057 1474 1235 1529 Ἀθήναζε
1262 1481 1442 1528 Νέαιραν.

248 1541 294 1579 In
312 1541 386 1581 hoc
404 1542 625 1580 testimonio
637 1540 960 1580 Westermanuus
989 1543 1064 1581 duo
1089 1543 1286 1591 desiderat,
1310 1552 1409 1592 quae
1438 1548 1564 1580 orator

141 1608 254 1643 antea
282 1605 393 1655 dixit,
421 1609 458 1643 et
485 1605 584 1643 illud
612 1606 882 1657 (κατατίθησιν
910 1602 1041 1658 αὐτῆς)
1075 1602 1142 1644 ἐπ’
1165 1604 1370 1658 ἐλευθερίᾳ
1398 1610 1435 1646 et
1464 1618 1562 1658 quae

139 1673 359 1719 sequuntur
386 1666 450 1718 ἐφ’
482 1659 512 1720 ᾧ
546 1667 588 1706 ἐν
619 1673 800 1721 Κορίνθῳ
822 1670 878 1722 μὴ
902 1669 1136 1720 ἐργάζεσθαι.
1188 1672 1363 1709 Primum
1388 1673 1563 1721 quamvis

140 1745 220 1770 non
248 1733 379 1770 addito
408 1733 475 1770 illo
504 1729 571 1769 ἐπ’
600 1730 806 1784 ἐλευθερίᾳ
847 1735 941 1785 quid
975 1735 1094 1775 verba
1128 1736 1337 1774 testimonii
1364 1736 1563 1773 κατετίθει

140 1795 258 1835 εἴκοσι
285 1799 384 1846 μνᾶς
410 1799 585 1848 Νεαίρας
617 1799 856 1849 Τιμανορίδᾳ
890 1801 955 1838 καὶ
982 1797 1173 1851 Εὐκράτει
1201 1801 1273 1839 sibi
1304 1801 1443 1850 velint,
1481 1813 1562 1839 non

143 1862 308 1900 dubium
337 1873 419 1900 esse
448 1866 553 1912 puto,
576 1873 704 1913 neque
732 1863 891 1914 iudices,
920 1876 1010 1904 cum
1039 1866 1302 1904 testimonium
1330 1866 1563 1912 recitaretur,

145 1939 195 1966 ex
224 1928 272 1965 iis
296 1927 507 1976 quidquam
531 1928 638 1965 aliud
656 1928 836 1977 colligere
859 1933 1046 1980 poterant,
1074 1932 1151 1969 nisi
1175 1931 1280 1981 quod
1303 1934 1430 1968 orator
1451 1933 1564 1967 antea

144 1994 385 2041 exposuerat.

251 2055 311 2094 Ne
350 2057 391 2093 in
431 2067 476 2094 eo
506 2056 675 2107 quidem,
715 2058 818 2106 quod
847 2058 1011 2097 alterum
1033 2059 1129 2098 illud
1158 2054 1221 2108 ἐφ’
1245 2047 1274 2109 ᾧ
1303 2054 1345 2095 ἐν
1382 2059 1564 2108 Κορίνθῳ

141 2117 199 2171 μὴ
228 2117 454 2168 ἐργάζεσθαι
494 2121 542 2157 in'
565 2121 785 2158 testimonio
824 2134 902 2160 non
941 2124 1156 2172 invenitur,
1195 2122 1469 2161 offendendum
1498 2125 1563 2160 est.

142 2184 245 2223 Nam
273 2183 374 2221 hanc
396 2183 662 2223 condicionem
691 2190 827 2237 orator,
856 2199 944 2226 cum
973 2199 1034 2226 res
1052 2191 1235 2237 narraret,
1264 2187 1387 2226 obiter
1412 2189 1565 2225 tantum

144 2249 478 2296 commemoravit;
509 2249 613 2298 quod
642 2254 771 2287 autem
800 2263 894 2300 eam,
925 2252 1067 2302 quippe
1096 2263 1195 2301 quae
1223 2252 1272 2289 ad
1299 2263 1381 2289 rem
1411 2250 1566 2289 demone

143 2313 340 2354 sti-andam
378 2323 457 2350 non
497 2313 715 2364 pertineret,
754 2316 869 2355 etiam
909 2317 1129 2356 testimonio
1169 2315 1429 2365 confirmaret,
1466 2315 1565 2354 nihil

143 2388 225 2421 erat
252 2393 401 2425 causae.
457 2376 613 2415 Nullius
648 2381 752 2418 enim
779 2383 965 2419 momenti
993 2384 1061 2429 est,
1099 2381 1203 2430 quod
1231 2380 1316 2417 illa:
1359 2376 1422 2429 ἐφ’
1457 2369 1486 2430 ᾧ
1524 2376 1567 2416 ἐν

142 2453 324 2502 Κορίνθῳ
366 2438 422 2500 μὴ
463 2437 690 2490 ἐργάζεσθαι
728 2447 907 2495 proxima
945 2447 1206 2495 insequuntur
1243 2444 1362 2482 verba
1403 2443 1469 2482 καὶ
1506 2438 1566 2481 ὅτι

142 2512 254 2553 ταῦτ’
272 2511 404 2566 ἀληθῆ
419 2513 514 2561 λέγω
530 2508 679 2550 τούτων
700 2508 793 2560 ὑμῖν
814 2508 884 2548 τὸν
905 2505 1224 2561 παραγενόμενον
1243 2504 1423 2558 μάρτυρα
1444 2506 1563 2554 καλῶς
