1709 2851
140 212 255 241 ,νετος
291 197 402 248 παρὰ
438 196 642 247 Στεφάνου
690 200 755 236 καὶ
798 196 926 249 κύριος
963 196 1113 247 ἐγένετο
1153 196 1287 248 αὑτοῦ,
1338 196 1568 252 γράψασθαι

147 260 298 315 γραφὴν
342 265 544 312 Στέφανον
584 261 683 313 πρὸς
729 261 820 306 τούς
869 265 1132 312 θεσμοθέτας,
1185 259 1245 302 ὅτι
1278 260 1397 303 αὐτὸν
1431 259 1568 307 ἀδίκως

147 322 261 378 εἶρξε,
289 328 354 365 καὶ
378 324 491 366 αὐτοὶ
525 328 750 367 διαλλακταὶ
788 325 987 376 γενόμενοι
1015 325 1216 373 διαλλάξαι
1251 324 1477 367 Ἐπαίνετον
1501 329 1566 367 καὶ

144 395 356 441 Στέφανον.
386 390 455 435 τὰς
478 393 520 431 δὲ
548 390 752 440 διαλλαγὰς
780 386 880 430 εἶναι
909 388 953 435 ἃς
975 395 1190 443 παρέχεται
1217 388 1511 444 Ἀπολλόδωρος.

744 510 974 558 Λιαλλαγαί.

212 621 216 624 ·
252 602 339 645 Ἐπὶ
357 607 481 650 τοῑςδε
497 603 704 653 διτῖλλαξαν
722 609 921 656 Στέφανον
942 607 1007 645 καὶ
1028 603 1254 646 Ἐπαίνετον
1271 605 1309 644 οἱ
1326 606 1564 655 διαλλακταὶ,

144 674 221 708 τῶν
254 671 328 718 μὲν
358 674 616 721 γεγενημένων
651 672 744 719 περὶ
773 670 842 708 τὸν
870 669 1026 721 εἱργμὸν
1061 672 1258 722 μηδεμίαν
1287 673 1426 719 μνείαν
1453 669 1563 719 ἔχειν,

144 730 376 773 Ἐπαίνετον
404 734 446 773 δὲ
474 735 608 774 δοῦναι
635 734 757 784 χιλίας
785 733 957 786 δραχμὰς
992 740 1120 775 Φανοῖ
1147 734 1201 779 εἰς
1228 733 1390 786 ἔκδοσιν,
1425 733 1563 787 ἐπειδὴ

142 803 322 850 κέχρηται
338 796 439 852 αὐτῇ
466 798 662 842 πολλάκις.
701 803 900 848 Στέφανον
927 800 973 854 δὲι
992 803 1178 850 παρέχειν
1198 798 1315 838 Φανώ
1335 796 1563 851 Ἐπαινέτῳ,

144 859 298 902 ὁπόταν
326 860 501 917 ἐπιδημῇ
522 864 585 902 καὶ
614 862 799 916 βούληται
827 869 994 903 συνεῖναι
1023 860 1132 918 αὐτῇ.

251 929 514 978 Apollodorus
553 929 699 966 iudices
737 928 924 967 Neaeram
961 941 1040 966 non
1079 941 1162 968 esse
1197 931 1319 967 civem
1359 930 1473 968 etiam
1512 941 1562 967 ex

144 991 329 1043 Stephani
363 993 523 1033 avaritia
559 996 595 1030 et
628 993 814 1042 pravitate
857 994 1087 1031 concludere
1124 1006 1237 1043 posse
1275 994 1368 1031 dicit
1406 994 1444 1042 (ξ
1483 995 1560 1039 64).

144 1055 363 1106 Stephanus
397 1057 499 1094 enim
539 1067 607 1106 per
645 1056 807 1093 insidias
843 1055 1084 1106 Epaenetum
1128 1057 1321 1107 quendam
1355 1057 1562 1108 Andrium,

144 1132 262 1171 quem
289 1121 516 1159 iamdudum
544 1123 751 1158 amatorem
779 1119 949 1159 Neaerae
976 1121 1095 1159 fuisse
1130 1125 1168 1159 et
1196 1123 1420 1172 saepissime
1455 1122 1562 1160 illius

143 1185 302 1222 domum
336 1187 489 1223 venisse
529 1188 658 1222 orator
693 1187 836 1233 narrat,
875 1187 919 1222 ut
947 1184 1168 1223 adulterum
1196 1185 1300 1235 apud
1329 1185 1463 1223 Phano
1493 1185 1557 1223 de-

148 1250 403 1300 prehenderat
437 1252 553 1299 atque
593 1252 670 1286 tam
707 1249 775 1286 diu
814 1252 1002 1298 tenuerat,
1031 1249 1154 1287 donec
1181 1249 1404 1299 perturbata
1431 1254 1560 1289 mente

142 1315 307 1363 pretium
336 1315 494 1363 triginta
521 1314 712 1350 minarum
741 1324 782 1350 se
811 1313 1031 1350 soluturum
1071 1324 1154 1351 esse
1181 1314 1428 1364 promitteret.
1483 1314 1557 1353 Ne-

142 1389 217 1428 que
244 1379 475 1429 promissum
503 1378 705 1428 praestitit,
733 1378 801 1416 sed
829 1378 957 1428 potius
986 1377 1226 1428 Stephanum
1261 1378 1363 1428 apud
1391 1379 1558 1417 thesmo-

140 1443 263 1481 thetas
291 1444 498 1490 accusavit,
528 1442 631 1491 quod
660 1454 729 1491 per
750 1443 933 1479 iniuriam
956 1453 996 1479 se
1018 1444 1213 1480 tenuisset.
1269 1442 1559 1493 Deprehensum

141 1518 182 1544 se
211 1517 293 1544 esse
327 1518 407 1544 non
445 1510 570 1556 negat,
599 1505 732 1543 Phano
769 1509 898 1544 autem
932 1518 1012 1544 non
1053 1505 1244 1557 Stephani,
1284 1507 1352 1545 sed
1371 1506 1559 1545 ·Neaerae

137 1571 260 1610 filiam
283 1582 367 1610 esse
391 1570 587 1608 contendit
613 1574 809 1620 totamque
832 1570 1017 1620 Stephani
1037 1571 1224 1608 familiam
1248 1575 1410 1620 quaestu
1437 1583 1559 1609 mere—

140 1636 251 1673 tricio
280 1635 332 1672 ali
360 1645 478 1684 seque
505 1635 633 1684 ipsum
660 1635 826 1672 multum
853 1635 896 1671 in
925 1645 1008 1672 eam
1035 1635 1278 1684 impendisse.
1347 1634 1431 1680 Quo
1459 1636 1559 1673 facto

142 1699 361 1749 Stephanus
373 1700 529 1747 veritus,
550 1711 599 1737 ne
617 1700 800 1737 lenocinii
813 1699 1117 1747 convinceretur,
1135 1698 1377 1749 Epaenetum
1395 1711 1560 1737 commo-

142 1764 207 1812 vit,
236 1767 281 1801 ut
316 1763 424 1801 litem
465 1763 616 1801 tolleret
656 1766 693 1801 et
727 1775 883 1801 causam
918 1763 1021 1812 apud
1050 1763 1231 1801 diaetetas
1273 1764 1335 1813 agi
1357 1767 1559 1813 pateretur.

141 1828 256 1877 Apud
286 1839 384 1876 quos
414 1839 648 1876 quamquam
677 1827 894 1876 Stephanus
916 1827 1014 1863 nihil
1036 1838 1154 1875 grave
1177 1826 1380 1864 defendere
1401 1830 1559 1876 poterat,

144 1895 273 1929 tamen
302 1890 444 1940 effecit,
478 1894 521 1929 ut
559 1890 781 1942 Epaenetus
815 1890 948 1928 Phano
982 1890 1088 1929 mille
1128 1891 1328 1929 drachmas
1362 1903 1430 1941 pro
1471 1892 1560 1930 dote

142 1957 259 1995 daret.

251 2019 402 2066 Quibus
442 2032 530 2058 cum
567 2020 684 2058 rebus
720 2021 863 2070 optime
891 2031 936 2058 ea
965 2020 1171 2057 convenire
1199 2022 1304 2069 puto,
1333 2031 1432 2069 quae
1454 2021 1558 2058 testi-

142 2086 318 2122 monium
342 2088 379 2122 et
397 2069 614 2130 ’διαλλαγῶν
635 2084 801 2121 formula
825 2085 1033 2121 continent.
1077 2073 1332 2132 Nausiphilus
1355 2087 1393 2120 et
1414 2084 1559 2121 Aristo-

141 2148 302 2186 machus
335 2151 451 2185 testes
488 2159 529 2184 se
567 2148 672 2197 ipsos
709 2159 778 2197 pro
814 2147 1010 2197 Epaeneto
1049 2146 1208 2197 praedes
1247 2144 1365 2184 fu'isse
1405 2146 1558 2192 dicunt;

140 2225 210 2263 per
231 2212 416 2250 iniuriam
428 2210 666 2260 Epaenetum
690 2213 901 2249 coercitum
924 2223 1007 2249 esse
1026 2223 1076 2249 ex
1098 2212 1209 2249 initio
1233 2209 1446 2257 διαλλαγῶν
1468 2222 1560 2248 con·
1583 2240 1586 2242 .

141 2276 298 2314 cludere
309 2287 535 2326 possumus:
559 2276 635 2312 τῶν
647 2274 719 2322 μὲν
730 2277 988 2324 γεγενημένων
1000 2274 1092 2324 περὶ
1113 2272 1183 2311 τὸν
1195 2271 1350 2324 εἱργμὸν
1365 2274 1561 2325 μηδεμίαν

140 2342 281 2389 μνείαν
309 2336 420 2387 ἔχειν.
482 2337 662 2389 Denique
696 2351 772 2388 quo
810 2339 886 2377 alio
922 2345 968 2377 ac·
993 2339 1187 2389 Stephano
1222 2342 1375 2376 auctore
1404 2350 1558 2376 causam

141 2405 190 2442 ad
231 2404 417 2442 diaetetas
461 2403 625 2440 delatam
672 2414 754 2441 esse
790 2406 972 2453 putamus
1018 2403 1084 2441 illa
1119 2404 1292 2454 legentes
1330 2402 1561 2455 γράψασθαι

141 2465 291 2519 γραφὴν
311 2470 511 2516 Στέφανον
534 2465 632 2516 πρὸς
654 2465 743 2510 τοὺς
762 2469 1011 2515 θεσμοθέτας
1029 2499 1036 2506 .
1061 2499 1070 2507 .
1094 2499 1101 2506 .
1120 2468 1184 2505 καὶ
1204 2463 1316 2505 αὐτοὶ
1335 2466 1560 2505 διαλλακταὶ

140 2529 337 2580 γενόμενοι
366 2528 593 2576 διαλλάξαιὶ)
