1709 2851
687 308 1031 358 Epimetrum.
1071 359 1080 368 ·

219 383 225 389 ’
259 392 472 443 Postquam
509 394 870 431 commentationem
902 403 1030 430 meam
1061 391 1139 429 iam
1166 391 1217 429 ad
1243 391 1362 431 finem
1389 392 1569 444 perduxi,

150 457 371 507 nuperrime
408 457 506 495 duos
534 458 637 495 viros
678 457 810 495 doctos
851 457 898 494 de
937 456 1071 494 eadem
1104 457 1272 495 materia⁴>
1314 455 1569 507 disputavisse

147 521 335 570 comperi:
401 521 625 559 Staekerum
682 521 949 559 dissertatione
988 519 1169 568 Halensi,
1204 531 1303 569 quae
1341 520 1567 559 inscribitur

148 583 232 630 „De
266 584 346 623 litis
380 586 657 634 instrumentis,
708 597 808 635 quae
836 587 970 622 extant
1002 585 1044 622 in
1072 583 1355 633 Demosthenis,
1384 596 1483 634 quae
1512 584 1567 622 fe-

149 651 299 696 runtur,
334 650 544 698 posteriore
583 650 769 687 adversus
803 648 1040 698 Stephanum
1083 651 1121 686 et
1156 647 1341 685 adversus
1379 647 1566 686 Neaeram

151 712 412 751 orationibus“
450 717 488 752 et
520 713 779 752 Kirchnerum
824 713 1157 761 commentatione,
1192 723 1291 762 quae
1327 713 1472 751 inserta
1508 715 1566 750 est
1594 707 1596 709 ’

149 776 247 815 Mus.
283 777 406 816 Rhen.
436 778 509 816 vol.
545 779 597 816 40
630 790 666 828 p.
695 778 773 815 377
812 789 886 827 sq.:
917 776 1018 827 „Zur
1046 776 1403 828 Glaubwiirdigkeit
1430 776 1496 815 der
1524 777 1566 814 in

147 841 208 879 die
246 842 514 892 (demosthen.)
550 842 656 880 Rede
690 842 810 879 wider
844 841 995 879 Neaera
1045 842 1284 891 eingelegten
1320 841 1565 892 Zeugenaus·

148 906 299 956 sagen.“
355 905 405 944 Et
428 905 589 944 Staeker
617 906 775 956 quidem
803 906 970 956 plurima
996 905 1077 943 litis
1103 906 1368 954 instrumenta,
1397 916 1495 955 quae
1522 905 1563 942 in

149 970 324 1008 oratione
359 970 546 1009 adversus
581 969 770 1008 Neaeram
804 973 969 1018 exstant,
997 970 1178 1020 genuina,
1206 970 1396 1008 nonnulla
1423 981 1564 1019 suppo-

147 1035 221 1071 sita
244 1045 328 1072 esse
352 1038 490 1072 censet.
525 1034 601 1072 Sed
625 1034 865 1082 offensiones,
889 1033 1031 1083 quibus
1053 1036 1268 1071 commotus
1292 1045 1382 1072 cum
1393 1033 1564 1072 Wester-

148 1110 291 1135 manno
334 1098 382 1135 de
421 1100 648 1136 auctoritate
677 1097 989 1136 testimoniorum
1030 1097 1078 1146 §§
1113 1098 1177 1145 34,
1216 1099 1279 1146 54,
1317 1099 1364 1135 71
1402 1097 1564 1146 dubitat,

148 1173 209 1199 me
232 1163 309 1199 iam
338 1174 456 1212 supra
484 1163 687 1200 sustulisse
715 1166 819 1212 puto.
874 1161 933 1200 De
960 1161 1160 1199 nonnullis
1187 1162 1434 1212 argumentis,
1463 1173 1563 1210 quae

143 1225 466 1268 ‚Westermannus
495 1229 532 1265 et
560 1226 627 1264 alii
655 1229 789 1265 eontra
817 1230 961 1265 ceteras
988 1225 1173 1264 formulas
1203 1225 1424 1275 attulerunt,
1459 1226 1563 1264 idem

146 1291 297 1329 iudicat
336 1295 454 1340 atque
493 1303 585 1340 eg0;
616 1291 683 1328 sed
711 1290 829 1329 fidem
858 1302 992 1328 earum
1021 1290 1107 1328 aliis
1131 1301 1287 1339 quoque
1315 1293 1354 1328 et
1380 1291 1564 1340 graviori-

148 1354 222 1392 bus
251 1356 490 1405 argumentis
519 1355 808 1393 confirmavisse
836 1355 932 1392 mihi
964 1354 1110 1396 videor.
1140 1353 1265 1392 Multa
1291 1357 1430 1403 autem,
1461 1366 1561 1404 quae

144 1418 209 1455 ille
252 1419 440 1468 disputat,
481 1420 638 1455 omnino
678 1430 756 1456 non
798 1418 1006 1468 comprobo
1016 1430 1025 1467 3
1072 1430 1122 1455 ex
1163 1417 1305 1467 quibus
1354 1429 1418 1467 ea,
1465 1429 1565 1468 quae

143 1483 298 1520 maioris
334 1484 526 1521 momenti·
558 1486 668 1531 sunt,
716 1483 788 1521 hoe
838 1483 922 1521 loeo
960 1483 1094 1533 paucis
1135 1494 1431 1521 commemorare
1469 1483 1564 1520 mihi

145 1547 271 1584 liceat.

249 1621 361 1670 Illud,
398 1623 501 1672 quod
531 1622 619 1661 Van
657 1622 731 1660 den
759 1621 813 1660 Es
850 1635 936 1672 pag.
971 1624 1022 1660 22
1059 1623 1184 1672 priore
1217 1623 1301 1660 loeo
1338 1622 1430 1659 fidei
1466 1623 1563 1672 legis

142 1686 165 1733 ἓ
197 1686 245 1722 16
276 1687 446 1736 opponit,
486 1685 644 1724 Staeker
680 1697 758 1723 non
797 1686 1037 1724 intellexisse
1064 1685 1229 1724 videtur.
1289 1685 1379 1724 Van
1407 1686 1482 1724 den
1509 1685 1564 1724 Es

143 1750 246 1787 enim
281 1761 361 1788 non
389 1752 595 1800 vituperat,
623 1751 663 1788 id
692 1750 797 1800 quod
835 1752 876 1787 in
904 1750 1070 1788 formula
1090 1750 1268 1801 legimus,
1301 1751 1561 1801 peregrinum,

142 1814 210 1863 qui
251 1814 376 1852 civem
405 1816 446 1855 in
482 1816 773 1854 matrimonium
809 1815 1005 1863 duxisset,
1039 1816 1216 1865 graviore
1244 1826 1368 1865 poena
1405 1815 1562 1853 multari

141 1878 263 1928 ‘quam
304 1879 441 1928 civem,
478 1880 545 1930 qui
583 1880 827 1930 peregrinam
856 1879 1055 1929 duxisset,
1094 1879 1163 1918 sed
1196 1880 1336 1930 potius,
1371 1880 1459 1930 civi,
1494 1881 1562 1930 qui

140 1943 281 1981 fraude
319 1945 608 1983 circumventus
647 1945 940 1982 matrimonium
978 1945 1149 1992 iniisset,
1200 1945 1358 1982 omnino
1397 1945 1561 1982 multam

140 2008 311 2057 irrogari.

249 2082 362 2121 Falso
390 2095 473 2133 pag.
505 2084 555 2121 37
585 2083 744 2132 Lysiam
773 2083 943 2122 Neaerae
966 2087 1175 2122 amatorem
1197 2088 1325 2131 vocat3
1355 2095 1447 2121 nam
1470 2094 1561 2122 oon-

139 2151 225 2195 stat,
263 2146 422 2195 Lysiam
450 2159 539 2185 eum
567 2147 756 2185 Metanira
783 2159 864 2186 rem
892 2147 1082 2186 habuisse.
1148 2148 1286 2197 Neque
1312 2149 1432 2198 igitur
1457 2150 1560 2185 recte

141 2211 303 2249 Staeker
330 2210 434 2258 dicit,
464 2222 514 2248 ex
543 2222 598 2259 eo,
624 2211 726 2260 quod
754 2210 904 2249 Neaera
938 2223 1077 2262 corpus
1111 2224 1226 2250 suum
1253 2211 1393 2261 Lysiae
1426 2211 1560 2249 vendi-

139 2276 247 2324 derit,
275 2274 457 2313 concludi
484 2286 608 2335 posse,
647 2275 740 2313 alias
770 2287 924 2325 quoque
952 2275 1141 2314 Neaeram
1169 2287 1327 2327 corpore
1362 2275 1558 2314 meruisse.

137 2340 317 2378 Alterum
360 2351 518 2390 quoque
564 2343 848 2390 argumentum,
884 2340 988 2391 quod
1021 2340 1182 2380 Staeker
1219 2340 1380 2392 profert,
1429 2339 1558 2379 Philo·

137 2407 310 2454 stratum,
339 2417 429 2443 eum
457 2408 570 2443 antea
596 2404 782 2444 Neaeram
812 2417 891 2444 non
918 2407 1097 2455 novisset,
1127 2407 1285 2444 omnino
1307 2405 1418 2454 illud,
1454 2405 1559 2455 quod

136 2472 264 2507 orator
291 2469 386 2507 dicit
411 2469 476 2507 καὶ
499 2466 727 2518 ἐμισθάρνει
749 2472 805 2521 τῷ
826 2470 1049 2522 βουλομένῳ
1073 2466 1301 2520 α’ναλίωιειν,
1324 2470 1455 2508 testari
1476 2480 1558 2508 non
1602 2494 1614 2511 .

135 2534 324 2583 potuisse,
351 2534 479 2572 futtile
507 2534 671 2573 videtur.
732 2534 832 2572 Nam
867 2536 899 2572 si
926 2534 1076 2573 Neaera
1103 2535 1269 2573 Athenis
1298 2527 1343 2573 e'o
1372 2537 1558 2583 tempore,
