1709 2851
141 153 249 201 dare3
291 153 393 203 quod
442 156 571 191 autem
610 154 713 193 inter
751 166 792 193 se
829 156 1092 205 paciscuntur,
1139 159 1183 194 ut
1230 148 1386 196 alternis
1426 157 1562 196 diebus

139 215 327 257 Neaeram
354 228 488 255 secum
517 217 713 267 haberent,
741 220 825 257 sine
854 218 971 257 dubio
999 222 1077 256 tam
1098 219 1176 257 -diu
1203 223 1355 259 tantum
1382 221 1467 260 fieri
1495 233 1562 272 po-

139 284 253 330 terat,
287 293 403 331 quam
439 281 603 330 Neaera,
638 294 738 332 quae
770 283 892 321 libera
927 295 972 321 ac
999 285 1061 321 sui
1095 284 1194 322 iuris
1233 288 1314 323 erat
1347 285 1427 336 (cfr.
1457 288 1480 334 ξ
1508 287 1560 324 46

137 342 208 395 τὴν
234 344 307 392 μὲν
341 342 553 394 ἄνθρωπον
581 342 794 395 ἐλευθέραν
822 341 921 384 εἶναι
948 347 1012 384 καὶ
1040 342 1161 398 αὐτὴν
1188 343 1306 399 αὑτῆς
1332 351 1490 399 κυρίαν),
1518 350 1561 387 id

139 420 217 446 non
245 413 449 447 recusaret.
505 409 644 459 Neque
672 410 790 448 verba
817 411 886 449 illa
915 413 937 459 ξ
965 412 1017 449 46
1053 408 1123 448 ἐὰν
1150 411 1192 448 δὲ
1224 412 1289 449 καὶ
1318 410 1439 456 ἄλλως
1475 426 1558 456 πως

139 469 324 523 ἀλλήλους
347 475 530 520 πείθωσι,
559 475 684 510 ταῦτα
711 470 823 523 κύρια
852 469 951 512 εἶναι
981 478 1019 513 61
1047 486 1144 525 quae
1177 475 1219 512 in
1246 477 1425 525 pactione
1451 478 1560 516 inve-

136 537 318 574 niuntur:
360 533 408 573 ἂν
442 534 499 587 μή
525 551 562 574 τι
591 535 683 574 ἄλλο
712 533 824 574 αὐτοὶ
859 535 989 582 αὑτοῖς
1017 536 1297 589 συγχωρήσωσιν
1324 541 1557 591 negligenda

138 604 245 650 sunt,
279 612 329 639 ex
369 601 510 651 quibus
545 605 717 652 apparet,
746 602 929 641 diaetetas
969 604 1134 642 suasisse
1173 601 1324 641 tantum
1366 604 1558 655 Stephano

138 677 181 702 ac
210 665 437 714 Phrynioni,
465 669 509 702 ut
536 667 590 702 ita
616 677 697 703 rem
724 667 979 704 instituerent.

246 728 336 767 Sive
375 730 495 780 igitur
523 727 727 777 διαλλαγάς
755 742 778 768 a
806 730 981 769 diaetetis
1009 732 1319 770 reconciliatione
1347 732 1447 770 facta
1475 733 1556 770 sive

136 795 177 830 in
207 795 372 831 anacrisi
401 793 448 830 ab
478 796 628 831 oratore
656 795 891 844 conscriptas
920 806 1004 833 esse
1031 796 1266 845 iudicamus,
1294 796 1360 834 illa
1387 793 1457 847 τὴν
1483 796 1557 844 μὲν

136 856 349 906 ἄνθρωπον
376 855 588 906 ἐλευθέραν
615 852 715 894 εἶναι
742 858 806 895 καὶ
841 854 963 909 αὐτὴν
990 855 1108 910 αὑτῆς
1135 862 1278 908 κυρίαν,
1308 856 1333 896 ἃ
1356 856 1392 897 δ”
1394 857 1558 911 ἐξῆλθεν

134 920 272 969 ἔχουσα
295 925 446 970 Νέαιρα
467 919 577 971 παρὰ
600 924 818 971 Φρυνίωνος
847 953 854 959 .
879 954 887 961 .
911 954 920 962 .
944 953 951 960 .
977 919 1192 960 ἀποδοῦναι
1214 925 1403 974 Φρυνίωνι
1423 920 1554 962 πάντα

134 989 176 1024 111
204 988 252 1025 iis
280 999 358 1025 non
395 986 648 1025 desideranda
676 990 786 1033 sunt3
826 990 929 1025 certe
963 989 1066 1025 enim
1105 991 1230 1026 orator
1264 989 1345 1037 ipse
1379 1000 1441 1026 eas
1476 1000 1555 1026 non

134 1051 243 1088 aliter
282 1052 498 1100 composuit
536 1054 651 1099 atque
691 1051 786 1088 tales
830 1051 1016 1088 formulae
1057 1052 1235 1100 componi
1269 1051 1450 1089 solebant.
1507 1052 1555 1089 In

133 1115 353 1152 testimonio
385 1114 542 1164 quidem
569 1114 636 1151 illa
664 1113 830 1151 scribere
858 1117 1021 1163 poterat;
1058 1118 1096 1151 at
1123 1125 1201 1151 non
1233 1118 1324 1163 erat,
1354 1126 1471 1164 quare
1499 1115 1553 1152 ita

137 1179 296 1226 faceret3
333 1190 462 1228 neque
496 1179 598 1216 enim
628 1190 678 1216 ex
706 1179 754 1215 iis
784 1178 996 1227 quidquam
1036 1182 1169 1216 contra
1195 1178 1384 1217 Neaeram
1424 1180 1553 1229 colligi

134 1246 294 1292 poterat,
317 1254 404 1279 cum
429 1243 595 1279 multum
617 1243 830 1290 interesset,
852 1245 897 1279 ut
918 1242 1068 1279 iudices
1091 1242 1279 1289 audirent,
1304 1254 1421 1291 quam
1448 1244 1554 1292 turpi

132 1306 246 1344 modo
274 1305 425 1344 Neaera
453 1317 592 1356 corpus
619 1306 864 1355 vulgavisset.

238 1370 455 1408 Veniamus
474 1371 521 1408 ad
536 1371 709 1418 alterum,
729 1370 832 1419 quod
846 1369 1168 1408 Westermannus
1180 1372 1389 1420 vituperat:
1414 1370 1553 1421 „Hatte

130 1436 214 1473 sich
242 1446 360 1473 unser
388 1435 598 1480 Verfasser‚
627 1435 768 1484 inquit,
796 1437 928 1483 sti-eng
956 1446 1006 1471 an
1035 1434 1139 1472 diese
1167 1434 1301 1472 Worte
1329 1436 1366 1482 (ξ
1394 1434 1462 1484 46)
1490 1446 1554 1485 ge-

131 1499 272 1548 halten,
301 1512 343 1537 so
373 1499 508 1537 wiirde
536 1500 617 1536 ihm
641 1499 740 1536 auch
763 1498 872 1535 nicht
901 1498 963 1536 die
981 1498 1212 1536 Albernheit
1235 1498 1432 1537 entfahren
1457 1500 1552 1547 sein,

129 1564 193 1600 die
221 1564 263 1599 in
292 1563 378 1599 dem
406 1561 475 1603 τὰς
503 1561 585 1603 ἴσας
613 1557 756 1611 ἡμέρας
786 1563 857 1597 τοῦ
878 1558 997 1611 μηνός
1019 1562 1128 1611 liegt:
1159 1562 1221 1599 die
1245 1563 1373 1599 vollen
1397 1562 1551 1600 Monate

132 1640 181 1665 zu
210 1628 262 1666 30
290 1627 418 1678 Tagen
447 1629 675 1677 gestatteten
705 1627 790 1664 eine
818 1625 966 1676 gleiche
993 1625 1193 1676 Theilung,
1221 1627 1294 1665 wie
1323 1626 1414 1664 aber
1441 1626 1551 1665 sollte

129 1704 171 1729 cs
199 1692 263 1729 bei
293 1692 368 1729 den
397 1691 539 1729 hohlen
567 1691 751 1728 Monaten
780 1690 960 1739 gehalten
988 1691 1143 1727 werden
1155 1691 1195 1727 ?“

235 1755 327 1794 Iure
355 1756 428 1793 hoc
456 1756 516 1792 vir
545 1755 680 1793 doctus
709 1755 1021 1804 vituperavisset,
1049 1755 1082 1792 si
1110 1755 1251 1804 pariter
1278 1757 1393 1803 atque
1422 1758 1550 1793 orator

127 1824 150 1864 ,ξ
174 1821 225 1857 46
261 1819 354 1856 dicit
388 1818 599 1865 διαλλαγῶν
631 1819 798 1856 formula
836 1821 1085 1866 statueretur,
1124 1821 1168 1855 ut
1206 1817 1355 1855 Neaera
1394 1818 1548 1856 alternis

128 1883 267 1922 diebus
295 1878 457 1934 (ἡμέραν
492 1879 589 1933 παρ’
617 1878 779 1934 ἡμέραν)
808 1883 912 1933 apud
940 1882 1206 1931 Phrynionem
1239 1885 1276 1919 et
1312 1881 1548 1932 Stephanum

127 1951 239 1985 osset.
295 1947 356 1984 Ita
377 1948 479 1984 enim
498 1959 538 1983 re
556 1948 743 1995 instituta,
762 1948 794 1984 si
816 1947 957 1983 mensis
978 1958 1097 1983 cavus
1126 1949 1218 1993 erat,
1245 1957 1324 1983 non
1340 1949 1547 1996 utrumque

127 2011 316 2049 Neaeram
340 2022 471 2061 parem
495 2011 646 2049 dierum
663 2022 868 2049 numerum
891 2010 994 2060 apud
1016 2022 1057 2049 se
1080 2010 1220 2048 habere
1242 2010 1412 2060 potuisse
1433 2014 1546 2061 patet.

129 2076 175 2113 ld
203 2076 332 2126 ipsum
361 2079 491 2113 autem
519 2077 560 2113 in
589 2075 755 2113 formula
782 2086 862 2112 non
891 2075 1052 2121 dicitur;
1083 2074 1151 2112 sed
1180 2077 1316 2122 orator,
1345 2086 1433 2112 cum
1462 2086 1546 2113 eam

126 2143 391 2190 componeret,
439 2141 562 2189 magis
601 2140 814 2188 generatim
854 2151 898 2177 ac
937 2139 1159 2177 summatim
1198 2139 1402 2187 expressit,
1442 2139 1546 2188 quod

126 2204 315 2241 diaetetae
349 2203 592 2252 litigantibus
628 2205 839 2241 suaserant.
895 2202 1024 2240 Verba
1063 2202 1167 2239 enim
1199 2201 1282 2238 illa:
1318 2199 1417 2239 κατὰ
1450 2199 1545 2240 τάδε

125 2263 332 2318 διήλλαξαν
350 2269 552 2316 Φρυνίωνα
574 2267 638 2304 καὶ
658 2269 865 2314 Στέφανον,
896 2268 1063 2317 χρῆσθαι
1092 2263 1273 2315 ἑκάτερον
1295 2269 1447 2317 Νεαίρᾳ
1476 2264 1546 2309 τὰς

125 2330 208 2373 ἴσας
246 2327 391 2381 ἡμέρας
429 2332 498 2367 τοῦ
530 2328 651 2381 μηνός
689 2330 729 2367 id
762 2333 913 2368 tantum
949 2329 1188 2380 significant:
1228 2328 1286 2368 Ea
1319 2330 1544 2369 condicione

125 2396 388 2434 reconciliatio
434 2395 533 2433 facta
578 2398 651 2443 est,
698 2398 743 2432 ut
793 2398 955 2444 uterque
1005 2406 1126 2443 aeque
1170 2407 1351 2444 magnam
1395 2399 1543 2445 partem

125 2459 269 2497 mensis
306 2458 455 2497 Neaera
490 2461 674 2497 uteretur.
738 2458 909 2509 Apparet
947 2461 1092 2508 autem,
1128 2458 1244 2496 etiam
1278 2458 1364 2496 cavi
1396 2458 1542 2497 mensis
