1709 2851
750 106 991 143 -6-

161 206 435 261 ,,ἆνθρω’πους,
473 209 538 254 οὓς
579 207 663 249 οὐδ’
704 207 804 259 ὑμᾶς
847 207 1045 263 ἀγνοήσειν
1079 211 1223 259 οἴομαι,
1262 209 1331 248 ἐὰν
1367 208 1584 262 ἅκούοητε“

160 279 328 327 apparet·

269 342 364 379 Tum
395 343 492 392 (pag.
529 342 622 390 118)
655 341 979 379 Westermannus
1019 353 1068 379 ex
1101 341 1372 380 Demosthenis
1410 342 1585 379 oratione

164 405 353 444 adversus
381 405 570 443 Boeotum
597 405 618 442 1
646 417 680 455 p.
711 405 788 443 997
819 405 842 453 ἓ
871 405 895 443 9
934 405 1028 444 haec
1055 405 1215 456 profert:
1252 404 1330 443 Καὶ
1357 406 1414 447 τίς
1441 402 1582 455 ἤκουσε

160 466 327 507 πώποτε
366 465 390 520 ἢ
423 466 529 514 κατοὶῥ
564 473 679 506 ποῖον
716 465 837 516 νόμον
869 465 1254 519 προςπαραγράφοιτ’
1294 463 1342 506 ἂν
1378 469 1495 506 τοῦτο
1532 466 1582 506 τὰ

160 529 430 583 παράγραμμα
460 529 483 583 ἢ
512 530 606 570 ἄλλο
633 547 672 570 τι
700 530 804 584 πλὴν
831 527 852 569 ὃ
882 531 1014 584 πατὴρ
1036 534 1101 571 καὶ
1123 529 1144 570 ὃ
1168 533 1296 584 δῆμος,
1332 532 1436 571 unde
1464 545 1582 583 appa·

159 609 247 636 rere
273 601 395 647 putat,
423 597 577 634 nullum
606 597 714 634 aliud
742 608 886 634 nomen
914 597 992 634 nisi
1015 599 1134 647 patris
1157 609 1201 635 ac
1229 597 1330 635 demi
1353 596 1582 634 nominibus

158 662 318 700 testium
354 664 471 711 atque
499 664 731 710 ceterorum,
771 661 838 711 qui
874 661 917 698 in
961 662 1180 705 testimonio
1218 664 1580 708 commemorantur,

159 717 250 764 addi
279 726 459 776 potuisse.
514 727 568 763 At
607 730 734 763 orator
767 725 821 763 ibi
854 726 1016 764 minime
1052 726 1098 764 de
1132 726 1357 764 testimoniis
1384 726 1576 777 loquitur;

158 791 226 830 sed
253 791 295 829 id
317 793 468 829 tantum
498 791 603 839 dicit,
638 791 754 839 cives,
783 792 817 828 si
844 789 1000 841 publice
1028 803 1174 829 munus
1201 791 1357 842 aliquod
1383 794 1580 841 praestare

157 855 367 894 iubeantur
394 855 456 892 vel
484 855 525 891 in
553 855 745 892 iudicium
773 857 975 903 vocentur,
1004 854 1119 905 pleno
1148 856 1304 893 nomine
1332 855 1580 906 appellandos

158 931 242 958 esse
282 931 410 969 neque
448 919 566 957 licere
606 930 672 956 eos
711 918 1026 968 cognominibus,
1066 931 1165 968 quae
1204 921 1247 957 in
1285 919 1464 957 familiari
1500 931 1576 958 usu

158 986 245 1033 sint,
272 983 500 1034 significare.

267 1047 380 1092 Quod
414 1047 518 1085 addit
556 1047 875 1084 Westermannus
909 1048 988 1097 (cfr.
1023 1048 1138 1085 etiam
1175 1059 1261 1097 pag.
1294 1048 1396 1097 117),
1428 1051 1580 1098 praeter

158 1116 275 1151 testes
298 1112 403 1163 ipsos
426 1115 571 1150 ceteros
596 1123 763 1162 quoque,
793 1123 958 1162 quorum
982 1113 1020 1150 in
1045 1112 1265 1151 testimonio
1288 1113 1433 1151 mentio
1456 1112 1577 1161 fieret,

158 1178 273 1227 pleno
309 1178 465 1214 nomine
508 1176 700 1214 vocandos
743 1176 878 1225 fuisse,
916 1189 996 1215 non
1032 1177 1158 1215 solum
1200 1177 1307 1214 nullo
1349 1180 1578 1226 argumento

162 1241 414 1290 confirmavit,
442 1241 510 1279 sed
539 1241 654 1279 etiam
682 1241 720 1278 in
751 1241 819 1279 illa
846 1241 1020 1291 formula,
1050 1254 1165 1293 quam
1195 1244 1240 1279 ut
1261 1242 1344 1280 veri
1367 1241 1576 1280 testimonii

160 1307 387 1356 exemplum
426 1306 616 1354 laudavit,
655 1307 822 1355 simplex
864 1319 1006 1345 nomen
1040 1311 1077 1345 et
1110 1307 1306 1344 Aristonis
1343 1310 1380 1344 et
1408 1306 1580 1343 Cononis

160 1381 245 1408 esse
273 1370 453 1420 neglexit.

265 1434 312 1471 Id
346 1437 475 1471 autem
508 1434 570 1470 vir
603 1433 738 1470 doctus
773 1446 856 1483 pag.
887 1435 938 1471 64
972 1435 1184 1472 rectissime
1219 1434 1444 1483 exposuisse
1482 1434 1577 1470 mihi

156 1497 323 1546 videtur,
345 1497 577 1548 plerumque
599 1498 819 1536 testimonia
841 1510 864 1536 a
885 1498 1119 1549 logographo
1141 1499 1226 1548 ipso
1250 1509 1334 1536 esse
1352 1498 1578 1548 conscripta.

157 1562 271 1607 Quod
300 1566 429 1600 autem
457 1563 500 1598 in
528 1562 761 1600 testimoniis
790 1563 955 1600 orationi
987 1564 1028 1600 in
1056 1562 1244 1600 Neaerem
1271 1562 1428 1599 insertis
1456 1562 1579 1599 multa

156 1627 285 1664 inesse
325 1628 472 1674 censet,
511 1637 611 1675 quae
645 1625 806 1664 fortasse
840 1638 863 1664 a
897 1626 1060 1664 testibus
1088 1626 1293 1665 ineruditis
1323 1625 1384 1663 vel
1411 1625 1580 1674 falsario,

160 1702 240 1728 non
269 1703 292 1728 a
318 1690 555 1740 logographo
584 1690 700 1727 scribi
728 1691 934 1740 potuerint,
962 1702 1041 1728 non
1068 1691 1208 1740 probo3
1237 1702 1328 1727 nam
1350 1701 1430 1726 non
1449 1689 1577 1727 solum

156 1755 250 1792 haee
287 1755 408 1792 oratio
450 1754 536 1804 ipsa
574 1754 765 1804 permulta
805 1755 1062 1804 vituperanda
1094 1754 1224 1803 habet,
1261 1754 1329 1792 sed
1368 1754 1500 1801 etiam,
1533 1757 1579 1790 ut

155 1830 251 1856 mox
279 1818 629 1857 demonstraturum
659 1830 720 1856 me
748 1830 832 1857 esse
861 1830 982 1869 spem,
1012 1819 1147 1857 eadem
1170 1819 1273 1864 vitia,
1304 1817 1445 1867 quibus
1472 1818 1579 1855 tosti·

155 1883 376 1920 moniorum
404 1882 572 1920 elocutio
594 1882 754 1931 laborat,
782 1883 824 1920 in
851 1883 920 1920 illa
947 1883 1173 1932 reperimus,
1202 1887 1239 1920 et
1267 1885 1372 1920 tanta
1399 1884 1456 1919 est
1476 1882 1581 1919 inter

156 1947 320 1985 oratoris
348 1958 472 1997 genus
502 1946 658 1984 dicendi
687 1959 732 1985 ac
765 1948 1076 1986 testimoniorum
1110 1958 1328 1986 sermonem
1356 1946 1579 1994 similitudo,

157 2014 205 2048 ut
228 2011 399 2048 maxime
424 2010 606 2048 credibile
628 2010 816 2060 videatur,
840 2012 1051 2049 orationem
1074 2022 1118 2048 ac
1141 2010 1361 2048 testimonia
1383 2009 1430 2047 ab
1442 2010 1578 2048 eodem

156 2086 242 2113 esse
265 2075 416 2125 scripta.

512 2183 544 2219 1.
573 2181 632 2220 De
660 2183 880 2220 testimonio
909 2195 944 2232 p
976 2184 1078 2221 1352
1110 2183 1132 2231 ξ
1162 2183 1225 2220 23

268 2262 528 2315 Φιλόστρατος
550 2269 754 2304 Διονυσίου
775 2267 1014 2319 Κολωνῆθεν
1034 2271 1227 2318 μαρτυρεῖ
1246 2264 1387 2304 εἰδέναι
1407 2269 1581 2318 Νέαιραν

156 2333 374 2382 Νικαρέτης
402 2322 537 2377 ουσαν,
566 2320 691 2382 ἧσπερ
717 2344 783 2368 και
806 2329 1034 2382 Μετάνειρα
1062 2329 1222 2379 ἐγενετο,
1250 2342 1315 2368 και
1341 2327 1580 2379 κατάγεσθαι

157 2391 256 2447 παρ’
279 2391 394 2447 αὑτῷ,
417 2390 484 2433 ὅτε
503 2408 557 2439 εις
577 2394 627 2434 τὰ
649 2392 841 2449 μυστήρια
865 2393 1115 2449 ἐπεδημησαν
1137 2395 1180 2435 ἐν
1200 2397 1382 2448 Κορίνθῳ
1396 2394 1578 2435 οικοῦσαι·

156 2463 391 2512 καταστῆσαι
440 2460 482 2498 δὲ
528 2456 647 2503 αὐτὰς
688 2458 738 2503 ὥς
774 2457 894 2498 αὑτὸν
932 2464 1085 2500 Λυσίαν
1122 2460 1192 2499 τὸν
1226 2457 1424 2509 Κεφάλου,
1464 2461 1581 2510 φίλον

158 2522 253 2563 ὄντα
282 2523 409 2577 ἑαυτῷ
435 2525 500 2563 καὶ
529 2522 614 2563 §nn
623 2522 759 2577 ήδειον.
