<?xml version="1.0" encoding="UTF-8"?>
<!DOCTYPE html PUBLIC "-//W3C//DTD XHTML 1.0 Transitional//EN"
    "http://www.w3.org/TR/xhtml1/DTD/xhtml1-transitional.dtd">
<html xmlns="http://www.w3.org/1999/xhtml" xml:lang="en" lang="en">
 <head>
  <title>
</title>
<meta http-equiv="Content-Type" content="text/html;charset=utf-8" />
  <meta name='ocr-system' content='tesseract 3.04.00' />
  <meta name='ocr-capabilities' content='ocr_page ocr_carea ocr_par ocr_line ocrx_word'/>
</head>
<body>
  <div class='ocr_page' id='page_1' title='image "4738075_0055.png"; bbox 0 0 1709 2851; ppageno 0'>
   <div class='ocr_carea' id='block_1_1' title="bbox 716 134 982 170">
    <p class='ocr_par' dir='ltr' id='par_1_1' title="bbox 716 134 982 170">
     <span class='ocr_line' id='line_1_1' title="bbox 716 134 982 170; baseline -0.004 -10"><span class='ocrx_word' id='word_1_1' title='bbox 716 134 982 170; x_wconf 75' lang='grc'>..45-</span> 
     </span>
    </p>
   </div>
   <div class='ocr_carea' id='block_1_2' title="bbox 134 235 1557 2435">
    <p class='ocr_par' dir='ltr' id='par_1_2' title="bbox 141 235 1557 420">
     <span class='ocr_line' id='line_1_2' title="bbox 141 235 1556 288; baseline -0.001 -12"><span class='ocrx_word' id='word_1_2' title='bbox 141 237 351 286; x_wconf 75' lang='grc' dir='ltr'><strong><em>εἰςαγαγεῖν</em></strong></span> <span class='ocrx_word' id='word_1_3' title='bbox 384 239 426 276; x_wconf 80' lang='grc' dir='ltr'>δὲ</span> <span class='ocrx_word' id='word_1_4' title='bbox 463 237 535 276; x_wconf 60' lang='grc' dir='ltr'>τὼν</span> <span class='ocrx_word' id='word_1_5' title='bbox 570 239 798 286; x_wconf 79' lang='grc' dir='ltr'><strong><em>δοκιμασίαν</em></strong></span> <span class='ocrx_word' id='word_1_6' title='bbox 834 237 925 280; x_wconf 71' lang='grc' dir='ltr'><strong><em>τοὺς</em></strong></span> <span class='ocrx_word' id='word_1_7' title='bbox 951 239 1200 286; x_wconf 75' lang='grc' dir='ltr'><strong><em>θεσμοθέτας</em></strong></span> <span class='ocrx_word' id='word_1_8' title='bbox 1234 236 1288 280; x_wconf 82' lang='grc' dir='ltr'>εἰς</span> <span class='ocrx_word' id='word_1_9' title='bbox 1322 235 1367 275; x_wconf 87' lang='grc' dir='ltr'>τὸ</span> <span class='ocrx_word' id='word_1_10' title='bbox 1400 239 1556 288; x_wconf 83' lang='grc' dir='ltr'><strong><em>πρῶτον</em></strong></span> 
     </span>
     <span class='ocr_line' id='line_1_3' title="bbox 145 298 1557 355; baseline -0.001 -14"><span class='ocrx_word' id='word_1_11' title='bbox 145 300 384 355; x_wconf 77' lang='grc' dir='ltr'><strong><em>δικαστήριον</em></strong></span> <span class='ocrx_word' id='word_1_12' title='bbox 419 302 518 342; x_wconf 84' lang='grc' dir='ltr'><strong><em>κατὰ</em></strong></span> <span class='ocrx_word' id='word_1_13' title='bbox 553 300 644 345; x_wconf 82' lang='grc' dir='ltr'>τούς</span> <span class='ocrx_word' id='word_1_14' title='bbox 673 298 823 351; x_wconf 81' lang='grc' dir='ltr'><strong><em>νόμους.</em></strong></span> <span class='ocrx_word' id='word_1_15' title='bbox 859 299 1084 354; x_wconf 81' lang='grc' dir='ltr'><strong><em>ἀναγράψαι</em></strong></span> <span class='ocrx_word' id='word_1_16' title='bbox 1117 301 1159 340; x_wconf 84' lang='grc' dir='ltr'><strong><em>δέ</em></strong></span> <span class='ocrx_word' id='word_1_17' title='bbox 1195 300 1240 340; x_wconf 84' lang='grc' dir='ltr'>τὸ</span> <span class='ocrx_word' id='word_1_18' title='bbox 1277 299 1461 354; x_wconf 81' lang='grc' dir='ltr'><strong><em>ψήφισμα</em></strong></span> <span class='ocrx_word' id='word_1_19' title='bbox 1488 300 1557 340; x_wconf 85' lang='grc' dir='ltr'>τὸν</span> 
     </span>
     <span class='ocr_line' id='line_1_4' title="bbox 145 361 1556 420; baseline -0.001 -14"><span class='ocrx_word' id='word_1_20' title='bbox 145 368 372 418; x_wconf 73' lang='grc' dir='ltr'><strong><em>γραμμαὶ-ἔα</em></strong></span> <span class='ocrx_word' id='word_1_21' title='bbox 400 369 467 420; x_wconf 84' lang='grc' dir='ltr'>τῆς</span> <span class='ocrx_word' id='word_1_22' title='bbox 493 366 633 418; x_wconf 79' lang='grc' dir='ltr'><strong><em>βουλῆς</em></strong></span> <span class='ocrx_word' id='word_1_23' title='bbox 664 366 729 404; x_wconf 80' lang='grc' dir='ltr'><strong><em>καὶ</em></strong></span> <span class='ocrx_word' id='word_1_24' title='bbox 763 368 834 404; x_wconf 83' lang='grc' dir='ltr'>τοῦ</span> <span class='ocrx_word' id='word_1_25' title='bbox 862 362 986 418; x_wconf 84' lang='grc' dir='ltr'><strong><em>δήμου</em></strong></span> <span class='ocrx_word' id='word_1_26' title='bbox 1013 366 1079 404; x_wconf 81' lang='grc' dir='ltr'><strong><em>καὶ</em></strong></span> <span class='ocrx_word' id='word_1_27' title='bbox 1106 367 1238 418; x_wconf 80' lang='grc' dir='ltr'><strong><em>στῆσαι</em></strong></span> <span class='ocrx_word' id='word_1_28' title='bbox 1266 363 1308 403; x_wconf 85' lang='grc' dir='ltr'>έν</span> <span class='ocrx_word' id='word_1_29' title='bbox 1335 361 1556 417; x_wconf 75' lang='grc' dir='ltr'><strong><em>ἀκροπόλει.</em></strong></span> 
     </span>
    </p>

    <p class='ocr_par' dir='ltr' id='par_1_3' title="bbox 140 439 1556 813">
     <span class='ocr_line' id='line_1_5' title="bbox 246 439 1556 493; baseline -0.002 -11"><span class='ocrx_word' id='word_1_30' title='bbox 246 443 344 482; x_wconf 88' lang='grc' dir='ltr'>Τ11111</span> <span class='ocrx_word' id='word_1_31' title='bbox 377 443 444 482; x_wconf 89' lang='lat' dir='ltr'>illa</span> <span class='ocrx_word' id='word_1_32' title='bbox 478 447 707 491; x_wconf 80' lang='grc' dir='ltr'><strong><em>κατανεῖμαι</em></strong></span> <span class='ocrx_word' id='word_1_33' title='bbox 745 442 787 480; x_wconf 86' lang='grc' dir='ltr'>δὲ</span> <span class='ocrx_word' id='word_1_34' title='bbox 819 441 909 486; x_wconf 81' lang='grc' dir='ltr'><strong><em>τοὺς</em></strong></span> <span class='ocrx_word' id='word_1_35' title='bbox 945 443 1163 484; x_wconf 82' lang='grc' dir='ltr'><strong><em>Πλαταιέας</em></strong></span> <span class='ocrx_word' id='word_1_36' title='bbox 1198 440 1251 484; x_wconf 84' lang='grc' dir='ltr'>εἰς</span> <span class='ocrx_word' id='word_1_37' title='bbox 1285 441 1375 485; x_wconf 76' lang='grc' dir='ltr'><strong><em>τοὺς</em></strong></span> <span class='ocrx_word' id='word_1_38' title='bbox 1411 439 1556 493; x_wconf 81' lang='grc' dir='ltr'><strong><em>δήμους</em></strong></span> 
     </span>
     <span class='ocr_line' id='line_1_6' title="bbox 141 503 1554 558; baseline 0.001 -15"><span class='ocrx_word' id='word_1_39' title='bbox 141 506 205 544; x_wconf 85' lang='grc' dir='ltr'><strong><em>καὶ</em></strong></span> <span class='ocrx_word' id='word_1_40' title='bbox 243 505 314 550; x_wconf 84' lang='grc' dir='ltr'>τὰς</span> <span class='ocrx_word' id='word_1_41' title='bbox 346 503 469 557; x_wconf 80' lang='grc' dir='ltr'><strong><em>φυλάς</em></strong></span> <span class='ocrx_word' id='word_1_42' title='bbox 504 507 704 545; x_wconf 85' lang='lat' dir='ltr'>offensioni</span> <span class='ocrx_word' id='word_1_43' title='bbox 739 511 840 556; x_wconf 79' lang='lat' dir='ltr'>sunt,</span> <span class='ocrx_word' id='word_1_44' title='bbox 874 508 966 558; x_wconf 87' lang='lat' dir='ltr'>quia</span> <span class='ocrx_word' id='word_1_45' title='bbox 993 518 1043 545; x_wconf 85' lang='lat' dir='ltr'>ex</span> <span class='ocrx_word' id='word_1_46' title='bbox 1070 506 1194 545; x_wconf 86' lang='lat' dir='ltr'>titulis</span> <span class='ocrx_word' id='word_1_47' title='bbox 1235 509 1400 557; x_wconf 80' lang='lat' dir='ltr'>apparet,</span> <span class='ocrx_word' id='word_1_48' title='bbox 1439 506 1554 558; x_wconf 87' lang='grc' dir='ltr'><strong><em>δημο-</em></strong></span> 
     </span>
     <span class='ocr_line' id='line_1_7' title="bbox 140 569 1554 623; baseline 0 -14"><span class='ocrx_word' id='word_1_49' title='bbox 140 569 314 615; x_wconf 61' lang='grc' dir='ltr'><strong><em>ποιήτοις</em></strong></span> <span class='ocrx_word' id='word_1_50' title='bbox 341 572 543 611; x_wconf 83' lang='lat' dir='ltr'>arbitrium</span> <span class='ocrx_word' id='word_1_51' title='bbox 572 572 704 610; x_wconf 93' lang='grc'>(1611103</span> <span class='ocrx_word' id='word_1_52' title='bbox 727 576 764 610; x_wconf 87' lang='lat' dir='ltr'>et</span> <span class='ocrx_word' id='word_1_53' title='bbox 785 573 920 623; x_wconf 81' lang='lat' dir='ltr'>phylas</span> <span class='ocrx_word' id='word_1_54' title='bbox 943 572 1112 621; x_wconf 90' lang='lat' dir='ltr'>eligendi</span> <span class='ocrx_word' id='word_1_55' title='bbox 1134 572 1298 609; x_wconf 83' lang='lat' dir='ltr'><strong>Athenis</strong></span> <span class='ocrx_word' id='word_1_56' title='bbox 1320 573 1554 621; x_wconf 89' lang='lat' dir='ltr'>permissum</span> 
     </span>
     <span class='ocr_line' id='line_1_8' title="bbox 140 635 1553 685; baseline 0.001 -14"><span class='ocrx_word' id='word_1_57' title='bbox 140 635 268 674; x_wconf 86' lang='lat' dir='ltr'>fuisse.</span> <span class='ocrx_word' id='word_1_58' title='bbox 286 635 315 685; x_wconf 86' lang='lat'>1)</span> <span class='ocrx_word' id='word_1_59' title='bbox 344 635 522 685; x_wconf 91' lang='lat' dir='ltr'>Denique</span> <span class='ocrx_word' id='word_1_60' title='bbox 543 635 639 672; x_wconf 86' lang='lat' dir='ltr'><strong>nihil</strong></span> <span class='ocrx_word' id='word_1_61' title='bbox 656 636 696 672; x_wconf 92' lang='lat' dir='ltr'>in</span> <span class='ocrx_word' id='word_1_62' title='bbox 715 635 868 674; x_wconf 90' lang='lat' dir='ltr'>decreto</span> <span class='ocrx_word' id='word_1_63' title='bbox 881 635 928 673; x_wconf 89' lang='lat' dir='ltr'>de</span> <span class='ocrx_word' id='word_1_64' title='bbox 950 635 1131 685; x_wconf 88' lang='lat' dir='ltr'>phratriis</span> <span class='ocrx_word' id='word_1_65' title='bbox 1145 638 1389 685; x_wconf 85' lang='lat' dir='ltr'>praeceptum</span> <span class='ocrx_word' id='word_1_66' title='bbox 1403 635 1553 673; x_wconf 85' lang='lat' dir='ltr'>inveni-</span> 
     </span>
     <span class='ocr_line' id='line_1_9' title="bbox 140 699 1554 749; baseline -0.001 -13"><span class='ocrx_word' id='word_1_67' title='bbox 140 711 237 748; x_wconf 83' lang='lat' dir='ltr'>mus,</span> <span class='ocrx_word' id='word_1_68' title='bbox 266 700 313 738; x_wconf 92' lang='lat' dir='ltr'>de</span> <span class='ocrx_word' id='word_1_69' title='bbox 342 700 485 749; x_wconf 86' lang='lat' dir='ltr'>quibus</span> <span class='ocrx_word' id='word_1_70' title='bbox 511 700 553 736; x_wconf 90' lang='lat' dir='ltr'>in</span> <span class='ocrx_word' id='word_1_71' title='bbox 580 699 701 737; x_wconf 83' lang='lat' dir='ltr'>titulis</span> <span class='ocrx_word' id='word_1_72' title='bbox 729 700 844 748; x_wconf 83' lang='lat' dir='ltr'>idem,</span> <span class='ocrx_word' id='word_1_73' title='bbox 874 699 978 749; x_wconf 91' lang='lat' dir='ltr'>quod</span> <span class='ocrx_word' id='word_1_74' title='bbox 1008 699 1055 736; x_wconf 92' lang='lat' dir='ltr'>de</span> <span class='ocrx_word' id='word_1_75' title='bbox 1082 699 1212 748; x_wconf 82' lang='lat' dir='ltr'>phylis</span> <span class='ocrx_word' id='word_1_76' title='bbox 1235 711 1279 736; x_wconf 89' lang='lat' dir='ltr'>ac</span> <span class='ocrx_word' id='word_1_77' title='bbox 1302 699 1424 736; x_wconf 90' lang='lat' dir='ltr'>demis</span> <span class='ocrx_word' id='word_1_78' title='bbox 1446 710 1554 748; x_wconf 88' lang='lat' dir='ltr'>prae-</span> 
     </span>
     <span class='ocr_line' id='line_1_10' title="bbox 142 763 394 813; baseline 0.004 -13"><span class='ocrx_word' id='word_1_79' title='bbox 142 763 217 813; x_wconf 89' lang='lat' dir='ltr'>cipi</span> <span class='ocrx_word' id='word_1_80' title='bbox 246 763 351 802; x_wconf 86' lang='lat' dir='ltr'>solet.</span> <span class='ocrx_word' id='word_1_81' title='bbox 364 763 394 813; x_wconf 76' lang='lat'>2)</span> 
     </span>
    </p>

    <p class='ocr_par' dir='ltr' id='par_1_4' title="bbox 136 837 1553 1789">
     <span class='ocr_line' id='line_1_11' title="bbox 247 837 1553 888; baseline -0.001 -12"><span class='ocrx_word' id='word_1_82' title='bbox 247 837 489 888; x_wconf 81' lang='lat' dir='ltr'><strong>Quamquam</strong></span> <span class='ocrx_word' id='word_1_83' title='bbox 528 839 648 888; x_wconf 87' lang='lat' dir='ltr'>igitur</span> <span class='ocrx_word' id='word_1_84' title='bbox 682 838 848 876; x_wconf 87' lang='lat' dir='ltr'>formula</span> <span class='ocrx_word' id='word_1_85' title='bbox 883 850 963 876; x_wconf 90' lang='lat' dir='ltr'>non</span> <span class='ocrx_word' id='word_1_86' title='bbox 1001 850 1125 888; x_wconf 87' lang='lat' dir='ltr'>pauca</span> <span class='ocrx_word' id='word_1_87' title='bbox 1163 838 1291 886; x_wconf 75' lang='lat' dir='ltr'>habet,</span> <span class='ocrx_word' id='word_1_88' title='bbox 1332 840 1375 875; x_wconf 91' lang='lat' dir='ltr'>in</span> <span class='ocrx_word' id='word_1_89' title='bbox 1411 837 1553 887; x_wconf 91' lang='lat' dir='ltr'>quibus</span> 
     </span>
     <span class='ocr_line' id='line_1_12' title="bbox 139 896 1553 953; baseline 0 -13"><span class='ocrx_word' id='word_1_90' title='bbox 139 902 388 953; x_wconf 86' lang='lat' dir='ltr'>offendamus,</span> <span class='ocrx_word' id='word_1_91' title='bbox 426 906 555 941; x_wconf 87' lang='lat' dir='ltr'>tamen</span> <span class='ocrx_word' id='word_1_92' title='bbox 594 914 679 941; x_wconf 89' lang='lat' dir='ltr'>eam</span> <span class='ocrx_word' id='word_1_93' title='bbox 716 915 737 941; x_wconf 86' lang='lat' dir='ltr'>a</span> <span class='ocrx_word' id='word_1_94' title='bbox 764 896 917 942; x_wconf 80' lang='lat' dir='ltr'>fals&#39;ario</span> <span class='ocrx_word' id='word_1_95' title='bbox 956 902 1086 942; x_wconf 85' lang='lat' dir='ltr'>fictam</span> <span class='ocrx_word' id='word_1_96' title='bbox 1109 914 1191 941; x_wconf 89' lang='grc'>6336</span> <span class='ocrx_word' id='word_1_97' title='bbox 1219 903 1450 953; x_wconf 85' lang='lat' dir='ltr'>negaverim.</span> <span class='ocrx_word' id='word_1_98' title='bbox 1490 901 1553 940; x_wconf 54' lang='lat' dir='ltr'>·Id</span> 
     </span>
     <span class='ocr_line' id='line_1_13' title="bbox 143 965 1552 1020; baseline 0 -17"><span class='ocrx_word' id='word_1_99' title='bbox 143 967 297 1015; x_wconf 90' lang='lat' dir='ltr'>quidem</span> <span class='ocrx_word' id='word_1_100' title='bbox 334 967 496 1004; x_wconf 83' lang='lat' dir='ltr'>fortasse</span> <span class='ocrx_word' id='word_1_101' title='bbox 533 967 824 1004; x_wconf 89' lang='lat' dir='ltr'>concedendum</span> <span class='ocrx_word' id='word_1_102' title='bbox 853 971 922 1020; x_wconf 83' lang='lat' dir='ltr'>est,</span> <span class='ocrx_word' id='word_1_103' title='bbox 954 967 1154 1005; x_wconf 85' lang='lat' dir='ltr'>falsarium</span> <span class='ocrx_word' id='word_1_104' title='bbox 1183 967 1229 1004; x_wconf 92' lang='lat' dir='ltr'>de</span> <span class='ocrx_word' id='word_1_105' title='bbox 1257 967 1344 1013; x_wconf 84' lang='lat' dir='ltr'>illis,</span> <span class='ocrx_word' id='word_1_106' title='bbox 1375 978 1474 1016; x_wconf 86' lang='lat' dir='ltr'>quae</span> <span class='ocrx_word' id='word_1_107' title='bbox 1503 965 1552 1003; x_wconf 85' lang='lat' dir='ltr'>ad</span> 
     </span>
     <span class='ocr_line' id='line_1_14' title="bbox 142 1029 1553 1083; baseline 0 -15"><span class='ocrx_word' id='word_1_108' title='bbox 142 1029 274 1069; x_wconf 88' lang='lat' dir='ltr'>demos</span> <span class='ocrx_word' id='word_1_109' title='bbox 303 1033 341 1069; x_wconf 89' lang='lat' dir='ltr'>et</span> <span class='ocrx_word' id='word_1_110' title='bbox 369 1031 505 1082; x_wconf 83' lang='lat' dir='ltr'>phylas</span> <span class='ocrx_word' id='word_1_111' title='bbox 534 1034 715 1083; x_wconf 85' lang='lat' dir='ltr'>spectant,</span> <span class='ocrx_word' id='word_1_112' title='bbox 743 1030 839 1070; x_wconf 86' lang='lat' dir='ltr'>falsa</span> <span class='ocrx_word' id='word_1_113' title='bbox 867 1031 1033 1071; x_wconf 86' lang='lat' dir='ltr'>scribere</span> <span class='ocrx_word' id='word_1_114' title='bbox 1060 1032 1242 1082; x_wconf 81' lang='lat' dir='ltr'>potuisse,</span> <span class='ocrx_word' id='word_1_115' title='bbox 1269 1043 1358 1070; x_wconf 90' lang='lat' dir='ltr'>cum</span> <span class='ocrx_word' id='word_1_116' title='bbox 1386 1031 1553 1081; x_wconf 86' lang='lat' dir='ltr'>antiqui-</span> 
     </span>
     <span class='ocr_line' id='line_1_15' title="bbox 138 1094 1553 1145; baseline 0.001 -14"><span class='ocrx_word' id='word_1_117' title='bbox 138 1098 263 1131; x_wconf 85' lang='lat' dir='ltr'>tatum</span> <span class='ocrx_word' id='word_1_118' title='bbox 302 1096 504 1133; x_wconf 85' lang='lat' dir='ltr'>atticarum</span> <span class='ocrx_word' id='word_1_119' title='bbox 545 1107 626 1133; x_wconf 90' lang='lat' dir='ltr'>non</span> <span class='ocrx_word' id='word_1_120' title='bbox 662 1097 717 1132; x_wconf 89' lang='lat' dir='ltr'>ita</span> <span class='ocrx_word' id='word_1_121' title='bbox 754 1097 902 1145; x_wconf 89' lang='lat' dir='ltr'>peritus</span> <span class='ocrx_word' id='word_1_122' title='bbox 937 1099 1053 1142; x_wconf 80' lang='lat' dir='ltr'>esset3</span> <span class='ocrx_word' id='word_1_123' title='bbox 1095 1095 1209 1132; x_wconf 80' lang='lat' dir='ltr'>valde</span> <span class='ocrx_word' id='word_1_124' title='bbox 1245 1099 1374 1132; x_wconf 87' lang='lat' dir='ltr'>autem</span> <span class='ocrx_word' id='word_1_125' title='bbox 1408 1094 1553 1143; x_wconf 66' lang='lat' dir='ltr'>dubito,</span> 
     </span>
     <span class='ocr_line' id='line_1_16' title="bbox 141 1159 1553 1210; baseline 0.002 -16"><span class='ocrx_word' id='word_1_126' title='bbox 141 1169 235 1195; x_wconf 92' lang='lat' dir='ltr'>num</span> <span class='ocrx_word' id='word_1_127' title='bbox 266 1159 474 1209; x_wconf 86' lang='lat' dir='ltr'>quisquam</span> <span class='ocrx_word' id='word_1_128' title='bbox 511 1171 599 1198; x_wconf 91' lang='lat' dir='ltr'>eum</span> <span class='ocrx_word' id='word_1_129' title='bbox 633 1163 738 1198; x_wconf 84' lang='lat' dir='ltr'>tanta</span> <span class='ocrx_word' id='word_1_130' title='bbox 773 1161 990 1210; x_wconf 85' lang='lat' dir='ltr'>ignorantia</span> <span class='ocrx_word' id='word_1_131' title='bbox 1016 1159 1135 1197; x_wconf 80' lang='lat' dir='ltr'>fuisse</span> <span class='ocrx_word' id='word_1_132' title='bbox 1163 1160 1368 1208; x_wconf 83' lang='lat' dir='ltr'>existimet,</span> <span class='ocrx_word' id='word_1_133' title='bbox 1396 1162 1440 1197; x_wconf 90' lang='lat' dir='ltr'>ut</span> <span class='ocrx_word' id='word_1_134' title='bbox 1466 1170 1553 1197; x_wconf 91' lang='lat' dir='ltr'>nes-</span> 
     </span>
     <span class='ocr_line' id='line_1_17' title="bbox 139 1223 1553 1274; baseline 0.001 -15"><span class='ocrx_word' id='word_1_135' title='bbox 139 1223 245 1270; x_wconf 82' lang='lat' dir='ltr'>ciret,</span> <span class='ocrx_word' id='word_1_136' title='bbox 284 1225 615 1274; x_wconf 82' lang='lat' dir='ltr'>praescriptiones,</span> <span class='ocrx_word' id='word_1_137' title='bbox 645 1236 743 1273; x_wconf 88' lang='lat' dir='ltr'>quae</span> <span class='ocrx_word' id='word_1_138' title='bbox 781 1227 978 1272; x_wconf 87' lang='lat' dir='ltr'>vocantur,</span> <span class='ocrx_word' id='word_1_139' title='bbox 1019 1223 1215 1261; x_wconf 86' lang='lat' dir='ltr'>addendas</span> <span class='ocrx_word' id='word_1_140' title='bbox 1245 1234 1336 1260; x_wconf 92' lang='lat' dir='ltr'>esse.</span> <span class='ocrx_word' id='word_1_141' title='bbox 1414 1223 1553 1272; x_wconf 80' lang='lat' dir='ltr'>Neque</span> 
     </span>
     <span class='ocr_line' id='line_1_18' title="bbox 140 1286 1553 1338; baseline 0.001 -15"><span class='ocrx_word' id='word_1_142' title='bbox 140 1286 266 1336; x_wconf 83' lang='lat' dir='ltr'>video,</span> <span class='ocrx_word' id='word_1_143' title='bbox 296 1299 372 1337; x_wconf 89' lang='lat' dir='ltr'>qua</span> <span class='ocrx_word' id='word_1_144' title='bbox 401 1287 448 1326; x_wconf 91' lang='lat' dir='ltr'>de</span> <span class='ocrx_word' id='word_1_145' title='bbox 477 1299 593 1327; x_wconf 89' lang='lat' dir='ltr'>causa</span> <span class='ocrx_word' id='word_1_146' title='bbox 614 1288 812 1327; x_wconf 84' lang='lat' dir='ltr'>falsarium</span> <span class='ocrx_word' id='word_1_147' title='bbox 839 1287 936 1336; x_wconf 84' lang='lat' dir='ltr'>illa‚‘</span> <span class='ocrx_word' id='word_1_148' title='bbox 953 1299 1051 1337; x_wconf 89' lang='lat' dir='ltr'>quae</span> <span class='ocrx_word' id='word_1_149' title='bbox 1080 1290 1207 1326; x_wconf 86' lang='lat' dir='ltr'>orator</span> <span class='ocrx_word' id='word_1_150' title='bbox 1228 1288 1310 1338; x_wconf 89' lang='lat' dir='ltr'>ipse</span> <span class='ocrx_word' id='word_1_151' title='bbox 1332 1288 1375 1325; x_wconf 88' lang='lat' dir='ltr'>in</span> <span class='ocrx_word' id='word_1_152' title='bbox 1400 1287 1553 1326; x_wconf 88' lang='lat' dir='ltr'>decreto</span> 
     </span>
     <span class='ocr_line' id='line_1_19' title="bbox 138 1351 1552 1403; baseline 0.001 -16"><span class='ocrx_word' id='word_1_153' title='bbox 138 1351 265 1388; x_wconf 89' lang='lat' dir='ltr'>inesse</span> <span class='ocrx_word' id='word_1_154' title='bbox 293 1351 396 1399; x_wconf 85' lang='lat' dir='ltr'>dicit,</span> <span class='ocrx_word' id='word_1_155' title='bbox 423 1352 536 1401; x_wconf 83' lang='lat' dir='ltr'>plane</span> <span class='ocrx_word' id='word_1_156' title='bbox 558 1353 776 1403; x_wconf 80' lang='lat' dir='ltr'>neglexisse</span> <span class='ocrx_word' id='word_1_157' title='bbox 799 1364 1036 1400; x_wconf 87' lang='lat' dir='ltr'>censeamus,</span> <span class='ocrx_word' id='word_1_158' title='bbox 1061 1363 1150 1389; x_wconf 89' lang='grc'>611111</span> <span class='ocrx_word' id='word_1_159' title='bbox 1173 1355 1210 1388; x_wconf 83' lang='lat' dir='ltr'>et</span> <span class='ocrx_word' id='word_1_160' title='bbox 1231 1351 1429 1399; x_wconf 78' lang='lat' dir='ltr'>nonnulla,</span> <span class='ocrx_word' id='word_1_161' title='bbox 1453 1362 1552 1401; x_wconf 86' lang='lat' dir='ltr'>quae</span> 
     </span>
     <span class='ocr_line' id='line_1_20' title="bbox 140 1416 1551 1465; baseline 0.001 -13"><span class='ocrx_word' id='word_1_162' title='bbox 140 1418 271 1452; x_wconf 89' lang='lat' dir='ltr'>orator</span> <span class='ocrx_word' id='word_1_163' title='bbox 297 1419 342 1453; x_wconf 88' lang='lat' dir='ltr'>ut</span> <span class='ocrx_word' id='word_1_164' title='bbox 369 1417 691 1465; x_wconf 83' lang='lat' dir='ltr'>argumentationi</span> <span class='ocrx_word' id='word_1_165' title='bbox 723 1416 879 1454; x_wconf 84' lang='lat' dir='ltr'>inutilia</span> <span class='ocrx_word' id='word_1_166' title='bbox 901 1428 981 1454; x_wconf 88' lang='lat' dir='ltr'>non</span> <span class='ocrx_word' id='word_1_167' title='bbox 1004 1417 1329 1462; x_wconf 85' lang='lat' dir='ltr'>commemoravit,</span> <span class='ocrx_word' id='word_1_168' title='bbox 1358 1417 1399 1453; x_wconf 89' lang='lat' dir='ltr'>in</span> <span class='ocrx_word' id='word_1_169' title='bbox 1424 1427 1468 1453; x_wconf 93' lang='grc'>60</span> <span class='ocrx_word' id='word_1_170' title='bbox 1492 1427 1551 1453; x_wconf 85' lang='grc'>16-</span> 
     </span>
     <span class='ocr_line' id='line_1_21' title="bbox 136 1475 1550 1530; baseline 0 -15"><span class='ocrx_word' id='word_1_171' title='bbox 136 1479 329 1527; x_wconf 87' lang='lat' dir='ltr'>periamus</span> <span class='ocrx_word' id='word_1_172' title='bbox 347 1482 385 1516; x_wconf 88' lang='lat' dir='ltr'>et</span> <span class='ocrx_word' id='word_1_173' title='bbox 396 1479 464 1516; x_wconf 86' lang='lat' dir='ltr'>illa</span> <span class='ocrx_word' id='word_1_174' title='bbox 486 1476 649 1517; x_wconf 81' lang='grc' dir='ltr'><strong><em>ἐπειδὰν</em></strong></span> <span class='ocrx_word' id='word_1_175' title='bbox 668 1479 709 1517; x_wconf 83' lang='grc' dir='ltr'>δὲ</span> <span class='ocrx_word' id='word_1_176' title='bbox 731 1481 939 1530; x_wconf 70' lang='grc' dir='ltr'><strong><em>νεμηθῶσι,</em></strong></span> <span class='ocrx_word' id='word_1_177' title='bbox 961 1477 1017 1530; x_wconf 84' lang='grc' dir='ltr'>μὴ</span> <span class='ocrx_word' id='word_1_178' title='bbox 1040 1477 1176 1524; x_wconf 80' lang='grc' dir='ltr'><strong><em>ἐξέστω</em></strong></span> <span class='ocrx_word' id='word_1_179' title='bbox 1202 1477 1260 1517; x_wconf 80' lang='grc' dir='ltr'>ἔτι</span> <span class='ocrx_word' id='word_1_180' title='bbox 1272 1475 1459 1530; x_wconf 69' lang='grc' dir='ltr'><strong><em>Ἀθηναίῳ</em></strong></span> <span class='ocrx_word' id='word_1_181' title='bbox 1481 1491 1550 1529; x_wconf 91' lang='grc' dir='ltr'>μη-</span> 
     </span>
     <span class='ocr_line' id='line_1_22' title="bbox 137 1539 1551 1596; baseline 0.002 -18"><span class='ocrx_word' id='word_1_182' title='bbox 137 1541 217 1579; x_wconf 81' lang='grc' dir='ltr'><strong><em>δενὶ</em></strong></span> <span class='ocrx_word' id='word_1_183' title='bbox 251 1544 445 1590; x_wconf 78' lang='grc' dir='ltr'><strong><em>γίγνεσθαι</em></strong></span> <span class='ocrx_word' id='word_1_184' title='bbox 475 1543 712 1591; x_wconf 82' lang='grc' dir='ltr'><strong><em>Πλαταιέων,</em></strong></span> <span class='ocrx_word' id='word_1_185' title='bbox 755 1542 811 1596; x_wconf 84' lang='grc' dir='ltr'>μὴ</span> <span class='ocrx_word' id='word_1_186' title='bbox 847 1539 1039 1595; x_wconf 74' lang='grc' dir='ltr'><strong><em>εὑρομένῳ</em></strong></span> <span class='ocrx_word' id='word_1_187' title='bbox 1073 1541 1182 1594; x_wconf 83' lang='grc' dir='ltr'><strong><em>παρὰ</em></strong></span> <span class='ocrx_word' id='word_1_188' title='bbox 1217 1546 1287 1582; x_wconf 87' lang='grc' dir='ltr'>τοῦ</span> <span class='ocrx_word' id='word_1_189' title='bbox 1321 1539 1444 1595; x_wconf 83' lang='grc' dir='ltr'><strong><em>δήμου</em></strong></span> <span class='ocrx_word' id='word_1_190' title='bbox 1481 1545 1551 1581; x_wconf 85' lang='grc' dir='ltr'>τοῦ</span> 
     </span>
     <span class='ocr_line' id='line_1_23' title="bbox 137 1601 1550 1658; baseline 0.001 -14"><span class='ocrx_word' id='word_1_191' title='bbox 137 1601 346 1656; x_wconf 67' lang='grc' dir='ltr'><strong><em>Ἀθηναίων</em></strong></span> <span class='ocrx_word' id='word_1_192' title='bbox 383 1609 485 1645; x_wconf 84' lang='lat' dir='ltr'>haud</span> <span class='ocrx_word' id='word_1_193' title='bbox 515 1609 632 1646; x_wconf 91' lang='lat' dir='ltr'>dubie</span> <span class='ocrx_word' id='word_1_194' title='bbox 667 1610 883 1647; x_wconf 88' lang='lat' dir='ltr'>accuratius</span> <span class='ocrx_word' id='word_1_195' title='bbox 911 1609 1052 1658; x_wconf 86' lang='lat' dir='ltr'>scripta</span> <span class='ocrx_word' id='word_1_196' title='bbox 1088 1610 1165 1646; x_wconf 90' lang='lat' dir='ltr'>sint</span> <span class='ocrx_word' id='word_1_197' title='bbox 1200 1620 1316 1658; x_wconf 88' lang='lat' dir='ltr'>quam</span> <span class='ocrx_word' id='word_1_198' title='bbox 1352 1620 1414 1656; x_wconf 82' lang='lat' dir='ltr'>ea,</span> <span class='ocrx_word' id='word_1_199' title='bbox 1451 1619 1550 1658; x_wconf 90' lang='lat' dir='ltr'>quae</span> 
     </span>
     <span class='ocr_line' id='line_1_24' title="bbox 137 1668 1551 1723; baseline 0.001 -16"><span class='ocrx_word' id='word_1_200' title='bbox 137 1669 159 1718; x_wconf 66' lang='grc' dir='ltr'>ξ</span> <span class='ocrx_word' id='word_1_201' title='bbox 201 1671 276 1708; x_wconf 92' lang='grc'>106</span> <span class='ocrx_word' id='word_1_202' title='bbox 299 1670 487 1721; x_wconf 88' lang='lat' dir='ltr'>legimus:</span> <span class='ocrx_word' id='word_1_203' title='bbox 516 1673 581 1710; x_wconf 84' lang='grc' dir='ltr'><strong><em>καὶ</em></strong></span> <span class='ocrx_word' id='word_1_204' title='bbox 610 1668 768 1722; x_wconf 64' lang='grc' dir='ltr'><strong><em>ὕστερον</em></strong></span> <span class='ocrx_word' id='word_1_205' title='bbox 794 1668 863 1710; x_wconf 77' lang='grc' dir='ltr'>οὐκ</span> <span class='ocrx_word' id='word_1_206' title='bbox 891 1669 937 1722; x_wconf 79' lang='grc' dir='ltr'><strong><em>έᾷ</em></strong></span> <span class='ocrx_word' id='word_1_207' title='bbox 964 1674 1159 1720; x_wconf 72' lang='grc' dir='ltr'><strong><em>γίγνεσθαι</em></strong></span> <span class='ocrx_word' id='word_1_208' title='bbox 1182 1668 1382 1723; x_wconf 72' lang='grc' dir='ltr'><strong><em>Ἀθηναῖον</em></strong></span> <span class='ocrx_word' id='word_1_209' title='bbox 1409 1669 1551 1717; x_wconf 79' lang='grc' dir='ltr'><strong><em>ἐξεῖναι</em></strong></span> 
     </span>
     <span class='ocr_line' id='line_1_25' title="bbox 136 1729 1389 1789; baseline 0.003 -20"><span class='ocrx_word' id='word_1_210' title='bbox 136 1731 177 1775; x_wconf 82' lang='grc' dir='ltr'>ός</span> <span class='ocrx_word' id='word_1_211' title='bbox 206 1729 253 1770; x_wconf 79' lang='grc' dir='ltr'>ἂν</span> <span class='ocrx_word' id='word_1_212' title='bbox 285 1733 341 1785; x_wconf 87' lang='grc' dir='ltr'>μὴ</span> <span class='ocrx_word' id='word_1_213' title='bbox 374 1737 443 1772; x_wconf 87' lang='grc' dir='ltr'>νῦν</span> <span class='ocrx_word' id='word_1_214' title='bbox 480 1739 633 1787; x_wconf 85' lang='grc' dir='ltr'><strong><em>γένηται</em></strong></span> <span class='ocrx_word' id='word_1_215' title='bbox 665 1737 728 1773; x_wconf 83' lang='grc' dir='ltr'><strong><em>καὶ</em></strong></span> <span class='ocrx_word' id='word_1_216' title='bbox 757 1737 975 1789; x_wconf 75' lang='grc' dir='ltr'><strong><em>δοκιμασθῇ</em></strong></span> <span class='ocrx_word' id='word_1_217' title='bbox 1003 1734 1045 1773; x_wconf 80' lang='grc' dir='ltr'>ἐν</span> <span class='ocrx_word' id='word_1_218' title='bbox 1071 1738 1126 1787; x_wconf 80' lang='grc' dir='ltr'>τῷ</span> <span class='ocrx_word' id='word_1_219' title='bbox 1154 1737 1389 1787; x_wconf 80' lang='grc' dir='ltr'><strong><em>δικαστηρίῳ.</em></strong></span> 
     </span>
    </p>

    <p class='ocr_par' dir='ltr' id='par_1_5' title="bbox 134 1809 1551 2435">
     <span class='ocr_line' id='line_1_26' title="bbox 243 1809 1551 1860; baseline 0.002 -14"><span class='ocrx_word' id='word_1_220' title='bbox 243 1809 350 1847; x_wconf 87' lang='lat' dir='ltr'>Nihil</span> <span class='ocrx_word' id='word_1_221' title='bbox 370 1811 491 1860; x_wconf 87' lang='lat' dir='ltr'>igitur</span> <span class='ocrx_word' id='word_1_222' title='bbox 512 1812 620 1849; x_wconf 85' lang='lat' dir='ltr'>aliud</span> <span class='ocrx_word' id='word_1_223' title='bbox 643 1823 728 1849; x_wconf 91' lang='lat' dir='ltr'>meo</span> <span class='ocrx_word' id='word_1_224' title='bbox 750 1812 893 1849; x_wconf 87' lang='lat' dir='ltr'>iudicio</span> <span class='ocrx_word' id='word_1_225' title='bbox 916 1812 1158 1860; x_wconf 84' lang='lat' dir='ltr'>relinquitur,</span> <span class='ocrx_word' id='word_1_226' title='bbox 1181 1812 1258 1848; x_wconf 90' lang='lat' dir='ltr'>nisi</span> <span class='ocrx_word' id='word_1_227' title='bbox 1282 1815 1326 1848; x_wconf 89' lang='lat' dir='ltr'>ut</span> <span class='ocrx_word' id='word_1_228' title='bbox 1347 1811 1551 1848; x_wconf 84' lang='lat' dir='ltr'>formulam</span> 
     </span>
     <span class='ocr_line' id='line_1_27' title="bbox 136 1873 1551 1914; baseline 0.002 -5"><span class='ocrx_word' id='word_1_229' title='bbox 136 1873 309 1911; x_wconf 83' lang='lat' dir='ltr'>maxime</span> <span class='ocrx_word' id='word_1_230' title='bbox 337 1873 552 1913; x_wconf 86' lang='lat' dir='ltr'>mutilatam</span> <span class='ocrx_word' id='word_1_231' title='bbox 576 1887 658 1914; x_wconf 88' lang='lat' dir='ltr'>esse</span> <span class='ocrx_word' id='word_1_232' title='bbox 680 1875 906 1913; x_wconf 89' lang='lat' dir='ltr'>iudicemus.</span> <span class='ocrx_word' id='word_1_233' title='bbox 951 1874 1052 1913; x_wconf 82' lang='lat' dir='ltr'>Nam</span> <span class='ocrx_word' id='word_1_234' title='bbox 1075 1887 1145 1913; x_wconf 87' lang='lat' dir='ltr'>cur</span> <span class='ocrx_word' id='word_1_235' title='bbox 1170 1876 1212 1912; x_wconf 93' lang='lat' dir='ltr'>in</span> <span class='ocrx_word' id='word_1_236' title='bbox 1234 1875 1307 1913; x_wconf 89' lang='grc'>1106</span> <span class='ocrx_word' id='word_1_237' title='bbox 1330 1874 1481 1912; x_wconf 88' lang='lat' dir='ltr'>decreto</span> <span class='ocrx_word' id='word_1_238' title='bbox 1504 1874 1551 1912; x_wconf 91' lang='lat' dir='ltr'>de</span> 
     </span>
     <span class='ocr_line' id='line_1_28' title="bbox 134 1928 1549 1988; baseline 0.001 -16"><span class='ocrx_word' id='word_1_239' title='bbox 134 1928 276 1984; x_wconf 81' lang='lat' dir='ltr'>phylis</span> <span class='ocrx_word' id='word_1_240' title='bbox 292 1949 336 1974; x_wconf 90' lang='lat' dir='ltr'>ac</span> <span class='ocrx_word' id='word_1_241' title='bbox 365 1937 487 1976; x_wconf 91' lang='lat' dir='ltr'>demis</span> <span class='ocrx_word' id='word_1_242' title='bbox 515 1950 593 1976; x_wconf 91' lang='lat' dir='ltr'>non</span> <span class='ocrx_word' id='word_1_243' title='bbox 620 1939 724 1976; x_wconf 90' lang='lat' dir='ltr'>idem</span> <span class='ocrx_word' id='word_1_244' title='bbox 752 1942 938 1976; x_wconf 86' lang='lat' dir='ltr'>statutum</span> <span class='ocrx_word' id='word_1_245' title='bbox 969 1939 1029 1987; x_wconf 87' lang='lat' dir='ltr'>sit,</span> <span class='ocrx_word' id='word_1_246' title='bbox 1058 1939 1163 1988; x_wconf 92' lang='lat' dir='ltr'>quod</span> <span class='ocrx_word' id='word_1_247' title='bbox 1193 1940 1236 1975; x_wconf 91' lang='lat' dir='ltr'>in</span> <span class='ocrx_word' id='word_1_248' title='bbox 1264 1938 1387 1976; x_wconf 81' lang='lat' dir='ltr'>titulis</span> <span class='ocrx_word' id='word_1_249' title='bbox 1409 1939 1549 1987; x_wconf 89' lang='lat' dir='ltr'>reperi-</span> 
     </span>
     <span class='ocr_line' id='line_1_29' title="bbox 134 1998 1550 2053; baseline 0.003 -18"><span class='ocrx_word' id='word_1_250' title='bbox 134 2010 236 2048; x_wconf 89' lang='lat' dir='ltr'>mus,</span> <span class='ocrx_word' id='word_1_251' title='bbox 246 1998 521 2040; x_wconf 90' lang='lat' dir='ltr'>Buermannus</span> <span class='ocrx_word' id='word_1_252' title='bbox 533 2005 636 2041; x_wconf 88' lang='lat' dir='ltr'>recte</span> <span class='ocrx_word' id='word_1_253' title='bbox 649 2002 845 2052; x_wconf 85' lang='lat' dir='ltr'>explicare</span> <span class='ocrx_word' id='word_1_254' title='bbox 864 2002 961 2039; x_wconf 89' lang='lat' dir='ltr'>mihi</span> <span class='ocrx_word' id='word_1_255' title='bbox 974 2001 1136 2050; x_wconf 84' lang='lat' dir='ltr'>videtur,</span> <span class='ocrx_word' id='word_1_256' title='bbox 1166 2003 1284 2053; x_wconf 90' lang='lat' dir='ltr'>quiin</span> <span class='ocrx_word' id='word_1_257' title='bbox 1300 2001 1550 2040; x_wconf 84' lang='lat' dir='ltr'>Fleckeisenii</span> 
     </span>
     <span class='ocr_line' id='line_1_30' title="bbox 135 2063 1549 2117; baseline 0.001 -16"><span class='ocrx_word' id='word_1_258' title='bbox 135 2063 262 2103; x_wconf 84' lang='lat' dir='ltr'>annal.</span> <span class='ocrx_word' id='word_1_259' title='bbox 300 2063 362 2103; x_wconf 92' lang='lat' dir='ltr'>IX</span> <span class='ocrx_word' id='word_1_260' title='bbox 398 2079 483 2117; x_wconf 84' lang='lat' dir='ltr'>pag.</span> <span class='ocrx_word' id='word_1_261' title='bbox 519 2067 596 2106; x_wconf 88' lang='grc'>607</span> <span class='ocrx_word' id='word_1_262' title='bbox 638 2068 732 2106; x_wconf 86' lang='grc'>11666</span> <span class='ocrx_word' id='word_1_263' title='bbox 762 2070 921 2105; x_wconf 88' lang='lat' dir='ltr'>annotat</span> <span class='ocrx_word' id='word_1_264' title='bbox 956 2066 1037 2116; x_wconf 85' lang='lat' dir='ltr'>„ob</span> <span class='ocrx_word' id='word_1_265' title='bbox 1078 2068 1178 2105; x_wconf 91' lang='lat' dir='ltr'>auch</span> <span class='ocrx_word' id='word_1_266' title='bbox 1217 2067 1279 2105; x_wconf 91' lang='lat' dir='ltr'>bei</span> <span class='ocrx_word' id='word_1_267' title='bbox 1313 2066 1549 2104; x_wconf 84' lang='lat' dir='ltr'>Massenauf-</span> 
     </span>
     <span class='ocr_line' id='line_1_31' title="bbox 134 2127 1549 2181; baseline 0.002 -17"><span class='ocrx_word' id='word_1_268' title='bbox 134 2127 301 2166; x_wconf 90' lang='lat' dir='ltr'>nahmen</span> <span class='ocrx_word' id='word_1_269' title='bbox 330 2129 393 2168; x_wconf 91' lang='lat' dir='ltr'>die</span> <span class='ocrx_word' id='word_1_270' title='bbox 417 2130 533 2168; x_wconf 87' lang='lat' dir='ltr'>Wahl</span> <span class='ocrx_word' id='word_1_271' title='bbox 561 2130 629 2169; x_wconf 92' lang='lat' dir='ltr'>der</span> <span class='ocrx_word' id='word_1_272' title='bbox 658 2132 856 2170; x_wconf 87' lang='lat' dir='ltr'>einzelnen</span> <span class='ocrx_word' id='word_1_273' title='bbox 878 2130 1185 2181; x_wconf 87' lang='lat' dir='ltr'>Korporationen</span> <span class='ocrx_word' id='word_1_274' title='bbox 1208 2132 1249 2168; x_wconf 91' lang='lat' dir='ltr'>in</span> <span class='ocrx_word' id='word_1_275' title='bbox 1274 2131 1342 2168; x_wconf 87' lang='lat' dir='ltr'>das</span> <span class='ocrx_word' id='word_1_276' title='bbox 1364 2129 1549 2168; x_wconf 88' lang='lat' dir='ltr'>Belieben</span> 
     </span>
     <span class='ocr_line' id='line_1_32' title="bbox 140 2190 1549 2246; baseline 0.002 -18"><span class='ocrx_word' id='word_1_277' title='bbox 140 2190 208 2229; x_wconf 91' lang='lat' dir='ltr'>der</span> <span class='ocrx_word' id='word_1_278' title='bbox 244 2192 608 2244; x_wconf 86' lang='lat' dir='ltr'>Aufgenommenen</span> <span class='ocrx_word' id='word_1_279' title='bbox 640 2196 805 2246; x_wconf 88' lang='lat' dir='ltr'>gestellt,</span> <span class='ocrx_word' id='word_1_280' title='bbox 845 2196 939 2234; x_wconf 89' lang='lat' dir='ltr'>oder</span> <span class='ocrx_word' id='word_1_281' title='bbox 972 2195 1021 2233; x_wconf 92' lang='lat' dir='ltr'>ob</span> <span class='ocrx_word' id='word_1_282' title='bbox 1056 2196 1099 2232; x_wconf 92' lang='lat' dir='ltr'>in</span> <span class='ocrx_word' id='word_1_283' title='bbox 1134 2195 1274 2233; x_wconf 89' lang='lat' dir='ltr'>diesem</span> <span class='ocrx_word' id='word_1_284' title='bbox 1315 2194 1420 2232; x_wconf 82' lang='lat' dir='ltr'>Falle</span> <span class='ocrx_word' id='word_1_285' title='bbox 1454 2194 1549 2231; x_wconf 87' lang='lat' dir='ltr'>viel-</span> 
     </span>
     <span class='ocr_line' id='line_1_33' title="bbox 135 2255 1550 2309; baseline 0.003 -18"><span class='ocrx_word' id='word_1_286' title='bbox 135 2255 248 2292; x_wconf 86' lang='lat' dir='ltr'>mehr</span> <span class='ocrx_word' id='word_1_287' title='bbox 275 2257 363 2295; x_wconf 90' lang='lat' dir='ltr'>eine</span> <span class='ocrx_word' id='word_1_288' title='bbox 391 2258 648 2309; x_wconf 83' lang='lat' dir='ltr'>Vertheilung</span> <span class='ocrx_word' id='word_1_289' title='bbox 674 2271 751 2297; x_wconf 86' lang='lat' dir='ltr'>von</span> <span class='ocrx_word' id='word_1_290' title='bbox 780 2259 1043 2309; x_wconf 85' lang='lat' dir='ltr'>Staatswegen</span> <span class='ocrx_word' id='word_1_291' title='bbox 1070 2269 1367 2308; x_wconf 88' lang='lat' dir='ltr'>vorgenommen</span> <span class='ocrx_word' id='word_1_292' title='bbox 1404 2258 1550 2306; x_wconf 84' lang='lat' dir='ltr'>wurde,</span> 
     </span>
     <span class='ocr_line' id='line_1_34' title="bbox 139 2318 1549 2373; baseline 0.003 -17"><span class='ocrx_word' id='word_1_293' title='bbox 139 2318 307 2360; x_wconf 81' lang='lat' dir='ltr'>dariiber</span> <span class='ocrx_word' id='word_1_294' title='bbox 332 2321 427 2362; x_wconf 66' lang='lat' dir='ltr'>lasst</span> <span class='ocrx_word' id='word_1_295' title='bbox 454 2322 547 2373; x_wconf 88' lang='lat' dir='ltr'>sich,</span> <span class='ocrx_word' id='word_1_296' title='bbox 576 2323 625 2362; x_wconf 91' lang='lat' dir='ltr'>da</span> <span class='ocrx_word' id='word_1_297' title='bbox 653 2323 720 2362; x_wconf 82' lang='lat' dir='ltr'>der</span> <span class='ocrx_word' id='word_1_298' title='bbox 747 2323 811 2363; x_wconf 92' lang='lat' dir='ltr'>bei</span> <span class='ocrx_word' id='word_1_299' title='bbox 837 2323 899 2362; x_wconf 92' lang='lat' dir='ltr'>Ps.</span> <span class='ocrx_word' id='word_1_300' title='bbox 928 2322 1037 2362; x_wconf 90' lang='lat' dir='ltr'>Dem.</span> <span class='ocrx_word' id='word_1_301' title='bbox 1065 2336 1100 2373; x_wconf 88' lang='lat' dir='ltr'>g.</span> <span class='ocrx_word' id='word_1_302' title='bbox 1128 2322 1276 2369; x_wconf 84' lang='lat' dir='ltr'>Neaera</span> <span class='ocrx_word' id='word_1_303' title='bbox 1309 2323 1331 2370; x_wconf 65' lang='grc' dir='ltr'>ἓ</span> <span class='ocrx_word' id='word_1_304' title='bbox 1362 2323 1439 2361; x_wconf 88' lang='grc'>104</span> <span class='ocrx_word' id='word_1_305' title='bbox 1468 2323 1549 2360; x_wconf 89' lang='lat' dir='ltr'>ein-</span> 
     </span>
     <span class='ocr_line' id='line_1_35' title="bbox 135 2383 1549 2435; baseline 0.002 -14"><span class='ocrx_word' id='word_1_306' title='bbox 135 2383 286 2434; x_wconf 84' lang='lat' dir='ltr'>gelegte</span> <span class='ocrx_word' id='word_1_307' title='bbox 325 2385 535 2425; x_wconf 87' lang='lat' dir='ltr'>Beschluss</span> <span class='ocrx_word' id='word_1_308' title='bbox 568 2388 696 2426; x_wconf 87' lang='lat' dir='ltr'>nichts</span> <span class='ocrx_word' id='word_1_309' title='bbox 736 2388 900 2426; x_wconf 88' lang='lat' dir='ltr'>sicheres</span> <span class='ocrx_word' id='word_1_310' title='bbox 936 2387 1130 2426; x_wconf 87' lang='lat' dir='ltr'>beweisen</span> <span class='ocrx_word' id='word_1_311' title='bbox 1172 2386 1296 2435; x_wconf 82' lang='lat' dir='ltr'>kann,</span> <span class='ocrx_word' id='word_1_312' title='bbox 1345 2398 1425 2424; x_wconf 91' lang='lat' dir='ltr'>nur</span> <span class='ocrx_word' id='word_1_313' title='bbox 1462 2387 1549 2424; x_wconf 89' lang='lat' dir='ltr'>eine</span> 
     </span>
    </p>
   </div>
   <div class='ocr_carea' id='block_1_3' title="bbox 207 2473 387 2478">
    <p class='ocr_par' dir='ltr' id='par_1_6' title="bbox 207 2473 387 2478">
     <span class='ocr_line' id='line_1_36' title="bbox 207 2473 387 2478; baseline 0 0"><span class='ocrx_word' id='word_1_314' title='bbox 207 2473 387 2478; x_wconf 95' lang='lat' dir='ltr'> </span> 
     </span>
    </p>
   </div>
   <div class='ocr_carea' id='block_1_4' title="bbox 221 2502 1220 2600">
    <p class='ocr_par' dir='ltr' id='par_1_7' title="bbox 221 2502 1220 2600">
     <span class='ocr_line' id='line_1_37' title="bbox 222 2502 1220 2545; baseline 0 -10"><span class='ocrx_word' id='word_1_315' title='bbox 222 2502 247 2543; x_wconf 85' lang='lat'>¹)</span> <span class='ocrx_word' id='word_1_316' title='bbox 274 2503 337 2535; x_wconf 77' lang='lat' dir='ltr'>Cfr.</span> <span class='ocrx_word' id='word_1_317' title='bbox 360 2504 558 2545; x_wconf 83' lang='lat' dir='ltr'>Buermann‚</span> <span class='ocrx_word' id='word_1_318' title='bbox 580 2505 796 2538; x_wconf 82' lang='lat' dir='ltr'>Fleckeisenii</span> <span class='ocrx_word' id='word_1_319' title='bbox 818 2505 923 2538; x_wconf 74' lang='lat' dir='ltr'>annal.</span> <span class='ocrx_word' id='word_1_320' title='bbox 947 2503 1051 2545; x_wconf 85' lang='lat' dir='ltr'>suppl.</span> <span class='ocrx_word' id='word_1_321' title='bbox 1074 2503 1125 2535; x_wconf 88' lang='lat' dir='ltr'>IX</span> <span class='ocrx_word' id='word_1_322' title='bbox 1148 2506 1220 2536; x_wconf 86' lang='lat'>606.</span> 
     </span>
     <span class='ocr_line' id='line_1_38' title="bbox 221 2555 660 2600; baseline 0.005 -11"><span class='ocrx_word' id='word_1_323' title='bbox 221 2555 246 2598; x_wconf 73' lang='lat'>³)</span> <span class='ocrx_word' id='word_1_324' title='bbox 269 2556 395 2589; x_wconf 86' lang='lat' dir='ltr'>Ibidem</span> <span class='ocrx_word' id='word_1_325' title='bbox 416 2567 489 2600; x_wconf 72' lang='lat' dir='ltr'>pag.</span> <span class='ocrx_word' id='word_1_326' title='bbox 513 2561 586 2591; x_wconf 79' lang='grc'>604.</span> <span class='ocrx_word' id='word_1_327' title='bbox 657 2564 660 2566; x_wconf 71' lang='grc'><strong>’</strong></span> 
     </span>
    </p>
   </div>
  </div>
 </body>
</html>
