1709 2851
718 66 985 102 -32-

138 168 212 217 μὲν
248 173 516 221 γεγενημένην,
553 164 657 217 ὅμως
690 168 732 207 δὲ
770 164 901 212 αὐτοῖς
938 174 1019 212 τοῖς
1057 173 1347 220 πεπραγμένοις
1379 168 1561 217 ἐπιδείξω

139 230 312 283 φανερὰν
338 226 456 272 οὖσαν
482 229 606 285 αὐτὴν
631 232 697 270 καὶ
721 228 852 285 ἀληθῆ
882 233 1140 285 intellegenda
1166 235 1254 274 sint.
1319 234 1403 274 Neo
1428 235 1560 275 minus

138 309 228 336 cum
250 297 547 336 Westermanno
574 299 792 347 μαρτυρίαν
818 294 869 335 δι’
897 294 1122 348 ἀπορρήτου
1156 301 1432 350 γεγενημένην
1448 320 1450 323 v
1467 301 1559 338 scri-

142 361 313 400 bendum
343 373 426 400 esse
453 364 571 412 puto;
602 362 634 400 si
664 361 769 400 enim
805 361 980 401 codieem
999 365 1035 401 Σ
1059 365 1265 412 sequentes
1291 362 1458 414 legimus
1485 394 1494 405 .
1519 394 1527 402 .
1550 394 1559 404 .

142 429 452 476 γεγενημένων,
480 427 547 465 illa
587 422 690 474 ὅμως
724 425 765 463 δὲ
800 422 930 468 αὐτοῖς
956 431 1037 469 τοῖς
1065 429 1356 475 πεπραγμένοις
1378 424 1559 472 ἐπιδείξω

138 487 313 539 φανερὰν
345 482 465 528 οὖσαν
498 486 619 541 αὐτὴν
645 489 711 527 καὶ
744 485 875 539 ἀληθῆ
917 489 1031 539 plane
1067 489 1231 528 obscura
1275 493 1384 537 sunt,
1431 502 1561 541 neque

139 554 341 603 perspicio,
379 565 495 603 quem
529 554 577 591 ad
613 553 771 591 modum
808 552 942 590 Baiter
975 564 1020 590 ao
1060 552 1264 603 Sauppius,
1304 548 1384 602 qui'
1414 566 1560 605 γεγενη-

138 619 290 663 μένων
316 618 358 654 in
387 621 539 655 textum
567 619 804 666 receperunt.
833 616 930 654 haec
956 617 1195 666 interpretati
1222 618 1310 655 sint.

246 681 449 718 Assentior
470 682 588 730 igitur
611 679 916 726 Westermanno,
938 681 1157 729 μαρτυρίαν
1179 690 1263 717 esse
1285 681 1559 730 testimonium,

141 744 246 794 quod
275 745 517 795 areopagitae
544 744 686 782 iudicio
715 756 786 782 suo
814 747 948 782 contra
977 743 1109 782 Phano
1138 748 1254 794 atque
1276 744 1465 783 Neaeram
1494 746 1558 783 de·-

142 809 287 857 derant,
315 821 395 846 non
429 809 695 846 testimonium
728 808 825 846 illud
859 807 1083 857 Theogenis,
1119 810 1222 857 quod
1261 811 1387 846 orator
1419 809 1468 847 ad
1495 821 1558 847 res

140 872 421 910 confirmandas
449 872 566 911 affert.
584 873 610 921 ¹)

249 935 458 981 Quaeritur
485 940 624 984 autem,
662 937 756 986 quid
796 936 870 974 sibi
909 936 1030 973 velint
1056 936 1123 973 illa
1152 940 1232 978 τοῖς
1259 940 1557 986 πεπραγμένοις.

141 1000 473 1049 Westermannus,
507 1004 552 1038 ut
578 1000 758 1048 vidimus,
797 1000 891 1038 haec
919 1004 958 1038 et
985 1012 1031 1046 ea
1058 1011 1152 1049 esse,
1192 1012 1290 1050 quae
1318 1001 1420 1051 apud
1449 1014 1555 1040 areo·

141 1077 285 1115 pagum
320 1069 357 1102 et
391 1076 489 1114 quae
530 1077 553 1102 a
581 1064 783 1114 Theogene
823 1064 923 1102 facta
960 1068 1083 1112 erant,
1127 1065 1399 1114 interpretatur
1442 1068 1559 1115 atque

139 1128 282 1165 idcirco
342 1131 552 1178 utrumque
595 1128 810 1178 Theogenis
861 1129 1077 1166 testimonio
1124 1128 1342 1167 confirmari
1383 1133 1560 1179 oportere

140 1196 278 1231 censet.
348 1191 424 1229 Sed
462 1193 530 1229 illa
558 1193 819 1242 interpretatio
851 1192 1010 1229 minime
1044 1192 1329 1242 comprobanda
1366 1196 1431 1245 est.
1499 1194 1558 1231 Ita
1598 1188 1601 1192 ’

141 1257 244 1294 enim
273 1257 306 1293 si
344 1255 462 1293 verba
489 1255 740 1305 intelligenda
768 1259 911 1304 essent,
947 1257 1116 1306 primum
1143 1268 1222 1294 non
1251 1260 1459 1307 appareret,
1489 1269 1560 1294 cur

142 1324 269 1358 orator
296 1321 396 1358 clam
435 1331 480 1357 ae
520 1320 671 1357 silentio
706 1315 772 1369 (δι’
802 1315 1041 1370 ἀπορρήτου)
1077 1320 1124 1358 de
1153 1320 1284 1358 Phano
1321 1321 1424 1370 apud
1453 1332 1557 1358 areo-

140 1396 285 1434 pagum
318 1387 449 1422 aetum
489 1395 573 1421 esse
609 1385 813 1434 praecipue
853 1389 1190 1433 commemoraret,
1239 1396 1368 1434 neque
1407 1396 1478 1422 cur
1507 1388 1559 1423 et

140 1449 240 1486 illud
268 1443 400 1490 αὐτοῖς
427 1451 521 1496 (τοῖς
548 1451 850 1497 πεπραγμένοις)
888 1451 926 1486 et
959 1451 1033 1496 μέν
1068 1471 1117 1475 -
1146 1443 1249 1496 ὅμως
1277 1449 1322 1486 δέ
1346 1449 1557 1499 particulae

142 1512 272 1550 addita
307 1516 442 1551 essent.
514 1512 612 1551 Tum
652 1514 685 1551 si
724 1513 945 1562 Theogenes
985 1512 1126 1551 diserte
1164 1514 1205 1550 id
1243 1516 1403 1551 testatus
1444 1517 1557 1562 esset,

143 1577 248 1626 quod
276 1577 403 1614 solum
442 1576 784 1614 demonstrandum
818 1579 908 1624 erat,
943 1577 1180 1626 areopagitas
1218 1576 1350 1614 Phano
1387 1578 1555 1627 peregri-

142 1653 233 1678 nam
261 1640 507 1688 iudieavisse,
536 1652 615 1677 non
640 1645 744 1691 esset
772 1641 1038 1689 perspicuum,
1080 1652 1158 1689 qua
1198 1640 1244 1678 de
1282 1652 1397 1678 causa
1431 1644 1558 1678 orator

142 1705 273 1742 omnia
299 1704 376 1753 illa,
405 1715 504 1753 quae
532 1705 573 1741 in
602 1704 850 1754 paragraphis
880 1705 1038 1742 81-84
1072 1707 1172 1753 sunt,
1201 1708 1279 1742 tam
1308 1708 1484 1743 accurate
1511 1715 1556 1742 ac

142 1773 197 1807 tot
226 1769 356 1807 verbis
385 1772 604 1818 exponeret.
1605 1819 1610 1824 ψ

247 1832 335 1871 Mea
371 1833 491 1884 igitur
530 1833 721 1870 sententia
753 1830 802 1868 τὰ
830 1834 1089 1881 πεπραγμένα
1125 1833 1173 1870 de
1202 1844 1246 1870 eo
1275 1835 1436 1870 tantum·
1455 1831 1558 1869 dicta

141 1901 243 1946 sunt,
273 1897 377 1947 quod
404 1897 627 1947 Theogenes
665 1907 828 1933 uxorem
868 1896 1065 1934 dimiserat
1092 1908 1137 1933 ac
1165 1896 1409 1933 Phrastorem
1437 1895 1557 1945 depu-

139 1962 245 2010 lerat,
274 1965 312 1999 et
338 1961 406 1999 issa
433 1963 527 2010 φέρε
556 1958 602 1998 dr*
631 1960 697 1998 καὶ
723 1962 941 2010 μαρτυρίαν
962 1956 1222 2009 παράσχωμαι
1243 1956 1336 2007 ὑμῖν
1357 1955 1412 1997 δι’
1437 1955 1555 2008 ἀπορ-

139 2022 257 2076 ρήτου
294 2025 368 2073 μὲν
413 2027 682 2076 γεγενημένην,
726 2020 828 2072 ὅμως
878 2024 919 2061 δὲ
964 2020 1094 2067 αὐτοῖς
1143 2028 1222 2066 τοῖς
1268 2025 1557 2074 πεπραγμένοις

140 2088 321 2134 ἐπιδείξω
349 2088 524 2140 φανερὰν
545 2081 662 2127 οὖσαν
691 2084 812 2140 αὐτὴν
838 2089 902 2126 καὶ
931 2084 1061 2139 ἄληθῦ
1088 2089 1187 2127 haec
1214 2089 1294 2127 fere
1322 2088 1554 2138 significant:
1585 2103 1588 2106 ⁴

139 2155 394 2205 Areopagitas
423 2155 471 2192 de
500 2155 649 2204 origine
673 2153 832 2191 Phanus
861 2153 1098 2203 quaesivisse
1127 2164 1289 2202 eamque
1311 2153 1556 2203 peregrinam

139 2219 373 2258 iudicavisse
386 2231 396 2268 ;
433 2230 522 2256 cum
562 2221 692 2256 autem
732 2218 906 2268 quaestio
933 2217 1001 2256 illa
1035 2209 1183 2256 oceulte
1211 2218 1342 2256 habita
1369 2220 1486 2265 esset,
1513 2217 1556 2255 id

139 2296 189 2321 ex
218 2295 262 2321 eo
292 2295 376 2321 esse
405 2283 727 2331 concludendum,
765 2283 869 2332 quod
896 2282 1134 2332 Theogenem
1164 2282 1396 2332 areopagitis
1424 2285 1556 2319 aucto-

140 2348 248 2385 ribus
275 2347 412 2385 fecisse
441 2351 644 2386 constaret.

248 2422 272 2462 ¹)
296 2421 379 2452 Aliis
403 2429 532 2460 quoque
555 2419 706 2451 orationis
727 2419 809 2452 loeis
833 2429 898 2452 vox
919 2422 1085 2464 μαρτυρία
1113 2430 1178 2452 non
1205 2419 1428 2452 testimonium
1450 2419 1557 2452 literis

138 2475 365 2516 consignatum
388 2474 557 2516 significat,
581 2468 638 2508 eff.
663 2474 704 2514 ἐξ
728 2477 778 2514 631
804 2476 856 2515 76,
879 2476 932 2511 88,
957 2477 1008 2515 93,
1035 2477 1104 2506 122.
