1709 2851
751 100 987 135 -8—

163 217 209 244 eo
236 209 417 255 tempore,
446 217 523 255 quo
551 217 671 255 penes
698 205 920 243 Nicaretam
947 207 1076 244 lenam
1104 209 1196 253 erat,
1224 217 1316 243 cum
1339 207 1471 244 multis
1497 217 1579 243 rem

163 269 355 318 habuisse,
382 272 511 308 tamen
539 281 617 307 non
644 281 786 319 parcus
815 281 898 308 esse
926 270 1020 308 mihi
1047 269 1183 308 videor
1204 271 1276 308 toti
1297 270 1355 308 illi
1377 269 1580 309 intervallo

166 335 345 372 undecim
373 334 452 372 fere
480 346 602 372 annos
631 334 818 372 tribuens.

269 397 359 435 Mea
385 398 505 448 igitur
533 398 726 435 sententia
754 409 854 435 anno
883 398 1151 437 trecentesimo
1180 399 1414 448 octogesimo
1444 399 1580 449 quinto

161 462 240 500 fere
278 474 309 500 a.
346 461 432 499 Chr.
468 474 503 501 n.
566 461 820 500 Philostratus
858 461 999 510 Lysiae
1039 475 1084 501 ac
1122 462 1330 501 Metanirae
1369 463 1577 512 hospitium

161 525 349 575 praebuit.
407 524 483 571 Qui
510 525 647 574 Lysias
676 526 772 575 quin
801 526 1036 564 clarissimus
1062 527 1129 565 ille
1158 530 1283 564 orator
1310 527 1376 576 sit,
1410 526 1580 565 dubitari

161 602 238 628 non
273 602 405 641 posse,
444 590 739 628 Westermanno
779 592 982 638 assentior;
1009 596 1127 630 ,recte
1165 592 1284 641 igitur
1321 592 1354 629 is
1393 592 1437 629 in
1475 593 1580 629 testi-

161 656 289 692 monio
312 654 418 692 filius
437 654 595 704 Cephali
616 658 783 692 vocatur.
825 654 949 700 Quem
973 656 1005 693 si
1023 657 1145 694 secuti
1162 656 1392 693 sententiam
1409 656 1580 693 maxime

162 718 403 768 probabilem
431 718 612 767 Blassii1)
650 722 766 767 atque
795 719 959 756 aliorum
988 719 1189 757 hominum
1220 719 1420 756 doctorum
1448 730 1580 756 recen·

162 783 273 820 tioris
301 783 446 830 aetatis,
476 786 610 820 natum
639 794 720 821 esse
750 795 851 820 anno
891 783 970 821 fere
1006 783 1386 834 quadringentesimo
1417 783 1580 833 quadra-

160 848 306 896 gesimo
345 859 377 885 a.
415 847 499 886 Chr.
535 860 572 886 n.
613 848 835 895 statuimus,
875 848 1241 896 quinquagesimum
1280 848 1359 885 fere
1400 849 1580 896 quintum

163 922 311 947 annum
338 915 422 947 tum
450 912 574 960 egisse
603 911 815 959 colligitur;
845 912 956 948 etiam
979 914 1071 948 tunc
1094 913 1177 949 sine
1201 911 1319 949 dubio
1342 914 1465 949 mater
1486 911 1581 958 eius,

162 985 262 1022 quae
290 974 312 1022 ξ
342 975 393 1011 ‘22
423 979 761 1022 commemoratur,
799 976 841 1011 in
871 976 971 1012 vivis
1001 986 1083 1012 esse
1112 979 1268 1024 poterat.
1327 975 1428 1019 Quot
1456 986 1580 1012 annos

161 1048 206 1074 eo
244 1041 414 1086 tempore
453 1037 708 1075 Philostratus
749 1038 942 1085 habuerit,
982 1050 1031 1075 ex
1071 1039 1241 1076 oratione
1280 1038 1461 1076 concludi
1501 1050 1579 1075 non

160 1105 300 1150 potest;
331 1101 399 1139 sed
422 1101 557 1139 Vateri
580 1103 820 1151 sententiam,
850 1101 1137 1150 philostratum,
1160 1115 1249 1141 cum
1273 1103 1419 1140 amicus
1440 1101 1580 1150 Lysiae

160 1170 375 1214 vocaretur,
403 1167 484 1215 pari
514 1170 636 1204 aetate
663 1167 793 1214 fuisse,
821 1179 899 1204 non
928 1167 1058 1216 probo.
1104 1167 1228 1204 Immo
1257 1172 1301 1204 ut
1328 1171 1427 1204 natu
1455 1167 1578 1214 mino-

160 1241 242 1267 rem
271 1241 361 1267 eum
388 1230 507 1268 fuisse
535 1231 754 1279 credamus,
785 1243 829 1268 eo
859 1231 1105 1280 adducimur,
1135 1232 1239 1280 quod
1268 1232 1459 1278 audimus,
1488 1242 1578 1268 eum

161 1297 245 1330 tum
268 1294 452 1331 caelibem
473 1294 603 1342 fuisse,
625 1306 751 1343 neque
771 1295 984 1343 quidquam
1005 1295 1154 1332 obstare
1174 1295 1348 1342 arbitror,
1372 1294 1579 1343 quominus

162 1369 252 1394 eum
281 1358 420 1406 viginti
436 1354 624 1407 ’quinque
650 1358 729 1395 fere
757 1370 880 1395 annos
909 1362 1044 1396 natum
1070 1359 1191 1396 fuisse
1220 1359 1466 1396 coniciamus.
1506 1358 1578 1395 Ille

161 1422 244 1470 ipse
283 1422 418 1471 igitur,
459 1434 549 1459 cum
588 1422 850 1459 trierarchiam
888 1422 1122 1472 praestabat,
1162 1424 1363 1472 sexaginta
1403 1423 1575 1472 quinque

161 1498 282 1523 annos
322 1490 360 1524 et
397 1489 505 1536 pater
550 1487 635 1524 eius
681 1486 840 1524 fortasse
879 1488 1089 1533 nonaginta
1138 1498 1260 1524 annos
1303 1487 1577 1535 compleverat;

160 1550 297 1588 titulus
326 1551 430 1588 enim
466 1550 533 1588 ille
569 1553 714 1600 spectat
753 1550 801 1588 ad
840 1552 1009 1600 primum
1049 1563 1195 1589 annum
1230 1550 1459 1600 olympiadis
1489 1562 1578 1588 cen-

160 1615 316 1652 tesimae
344 1627 478 1653 nonae.
524 1614 613 1651 Non
642 1615 762 1663 igitur
789 1618 868 1652 tam
897 1627 965 1664 pro
990 1620 1092 1653 certo
1117 1628 1235 1665 quam
1258 1615 1578 1653 Westermannus

160 1679 244 1716 vult
271 1678 543 1717 affirmandum
573 1681 645 1728 est,
674 1691 753 1716 non
782 1680 951 1729 potuisse
984 1680 1078 1727 fieri,
1107 1684 1150 1718 ut
1177 1680 1243 1717 illo
1273 1683 1443 1729 tempore
1472 1682 1580 1728 pater

163 1742 383 1781 Philostrati
412 1748 639 1793 superesset.
742 1731 748 1738 ⁸

270 1808 559 1858 Argumentum
571 1808 782 1846 testimonii
794 1808 1040 1858 inspicientes
1054 1807 1329 1846 Philostratum
1347 1819 1462 1846 unam
1486 1818 1579 1855 rem,

161 1884 278 1920 quam
307 1874 525 1910 testimonio
555 1874 639 1910 eius
667 1874 984 1909 confirmaturum
1013 1884 1054 1909 se
1082 1884 1165 1909 esse
1188 1872 1303 1920 paulo
1333 1876 1420 1908 ante
1448 1872 1486 1920 (ξ
1510 1873 1577 1916 23)

160 1936 421 1986 Apollodorus
449 1937 685 1988 promiserat,
723 1948 800 1975 non
829 1936 961 1975 testari
989 1936 1222 1985 invenimus,
1262 1935 1346 1974 dico
1374 1935 1471 1973 illud
1497 1930 1579 1981 ·„o‘›;

159 1998 388 2048 ἐμισθάρνει
415 2003 470 2050 τῷ
502 2001 724 2050 βουλομένῳ
753 1997 997 2036 ἀναλίσκειν.ιι
1048 2000 1173 2043 Quam
1213 2000 1260 2036 ob
1300 2011 1381 2035 rem
1409 1999 1578 2035 Wester-

160 2074 328 2101 mannus
367 2075 438 2102 suo
477 2065 561 2103 iure
590 2064 766 2103 dubitare
798 2063 871 2102 sibi
899 2064 1062 2111 videtur,
1090 2075 1185 2101 num
1215 2063 1477 2112 testimonium
1515 2074 1578 2112 ge-

161 2131 327 2167 nuinum
356 2130 415 2167 sit.
472 2129 547 2166 Sed
576 2129 673 2166 illud
701 2130 841 2177 ipsum,
871 2140 946 2177 quo
975 2129 1085 2165 nisus
1117 2128 1170 2164 ita
1198 2127 1360 2173 iudicat,
1401 2126 1505 2174 quod
1538 2127 1579 2162 in

161 2193 355 2244 prooemio
385 2192 721 2231 commentationis
754 2203 838 2243 pag.
868 2192 918 2230 65
947 2191 1072 2243 ponit:
1115 2189 1231 2240 „Was
1270 2189 1462 2241 hingegen
1503 2190 1578 2229 den

162 2258 290 2295 Inhalt
317 2258 442 2295 dieser
469 2257 681 2306 Zeugnisse
709 2257 877 2306 anlangt,
905 2268 948 2294 so
976 2256 1182 2305 begniigen
1210 2255 1282 2291 wir
1309 2266 1383 2292 uns
1411 2255 1483 2292 mit
1510 2255 1580 2292 der

160 2321 441 2360 bescheidenen
469 2321 757 2372 Anforderung‚
787 2321 874 2359 dass
904 2320 1076 2360 derselbe
1104 2321 1144 2357 in
1174 2319 1275 2357 allen
1297 2319 1464 2357 Stiicken
1494 2351 1502 2358 .
1532 2349 1540 2357 .
1570 2351 1578 2358 .
1635 2310 1638 2314 ⁴

161 2387 247 2424 dem
276 2387 509 2435 entspreche,
538 2398 616 2423 was
631 2387 699 2423 der
719 2385 873 2423 Redner
895 2386 1016 2422 damit
1038 2384 1229 2421 beweisen
1251 2383 1349 2420 will:
1373 2384 1475 2432 zeigt
1496 2383 1579 2420 sich

270 2526 294 2561 ¹)
318 2525 383 2557 cfr.
408 2524 557 2556 Attische
580 2524 827 2556 Beredsamkcit
852 2524 863 2554 l
891 2534 919 2563 p.
946 2526 1018 2554 334.
