1709 2851
734 136 998 176 -37-

165 242 313 285 falsarii
350 235 511 284 manum
546 237 727 284 indicare.
782 245 907 284 Immo
940 256 1033 284 vero
1067 245 1160 284 talia
1197 242 1375 284 omnium*
1410 240 1570 298 diligen-

162 311 313 350 tissime
336 309 515 350 falsarius
542 308 770 350 evitavisset.
1299 302 1302 307 ’

265 374 546 414 Hudtwalcker
595 386 723 426 neque
767 375 927 413 oratoris
975 374 1270 426 explicationem
1309 386 1437 427 neque
1472 377 1574 415 testi·

160 441 338 479 monium
365 439 586 491 inspexisse
607 440 772 487 videtur,
801 450 891 479 cum
917 441 957 478 in
980 438 1091 489 libro,
1123 441 1190 490 qui
1222 440 1446 479 inscribitur
1468 433 1576 480 Uber

162 504 225 542 die
266 500 510 543 offentlichen
550 505 632 542 und
660 499 1109 543 Privat-Schiedsrichter
1141 505 1191 548 in¹
1219 500 1365 556 Athen,
1398 516 1483 557 pag.
1520 507 1573 544 48

159 571 333 625 annotet:
365 568 483 619 „Eine
503 569 656 609 Formel
678 571 785 609 eines
808 569 1019 608 Kontrakts
1040 569 1138 608 iiber
1159 571 1246 608 eine
1268 582 1573 621 angenommene

159 629 365 685 πρόκλησις
391 634 512 673 findet
540 635 621 673 sich
662 633 725 673 bei
763 633 1045 673 Demosthenes
1077 634 1199 673 wider
1247 634 1398 674 Neaera
1434 636 1572 675 1387.“

266 697 321 737 Ut
348 699 517 749 denique
543 712 666 750 pauca
694 700 741 738 de
762 700 837 738 iuis
864 700 929 736 καὶ
956 698 998 737 εἴ
1013 712 1052 737 τι
1079 696 1122 736 ἐκ
1148 701 1225 737 τῶν
1251 695 1427 748 βασάνων
1453 700 1572 749 βλαφ-

159 764 324 814 θείησαν
351 761 392 800 αἱ
428 761 642 813 ἄνθρωποι,
671 760 870 801 ἀποτίνειν
896 758 918 801 ὅ
939 777 976 801 τι
997 763 1231 815 βλαβείησαν
1252 763 1401 814 addam,
1423 775 1574 815 semper

161 829 254 877 eius,
284 829 352 878 qui
387 828 652 867 adversarium
685 831 969 879 provocaverat,
997 828 1118 866 fuisse
1144 829 1311 877 videtur,
1340 829 1372 866 si
1400 830 1502 866 servi
1529 830 1572 866 in

160 895 350 931 tormenta
394 893 471 931 dati
514 892 612 931 nihil
651 895 786 931 contra
823 892 1023 931 d'ominum
1062 893 1190 931 testati
1230 895 1347 942 erant,
1386 892 1571 932 damnum

161 957 372 1004 restituere,
403 958 507 1007 quod
530 958 771 995 adversarius
799 958 1024 1007 corporibus
1053 969 1252 995 servorum
1281 958 1394 995 laesis
1420 958 1570 996 fecerat.

162 1020 251 1072 (Ort.
285 1020 407 1060 Meier
433 1033 471 1062 u.
500 1021 752 1071 Schoemann,
781 1020 849 1059 der
871 1023 934 1060 att.
963 1020 1122 1061 Process
1149 1034 1233 1073 pag.
1264 1021 1369 1073 681.)

269 1086 618 1138 Guggenheimius,
656 1086 731 1124 Die
770 1087 1005 1137 Bedeutung
1047 1088 1114 1124 der
1152 1086 1362 1136 Folterung
1405 1088 1459 1124 im
1507 1091 1570 1126 att.

162 1150 333 1200 Prooess,
355 1162 438 1201 pag.
462 1152 513 1189 49
533 1154 688 1201 propter
708 1150 826 1189 verba
842 1151 908 1189 illa
934 1149 972 1188 εἰ
979 1150 1052 1199 μὲν
1070 1147 1293 1198 ὁμολογοῖεν
1315 1147 1357 1188 ἐκ
1368 1148 1572 1199 Στεφάνου

163 1210 263 1253 chae.
305 1215 369 1252 καὶ
403 1215 575 1263 Νεαίρας
602 1212 762 1257 τούτους
799 1214 887 1257 τοὺς
920 1216 1080 1263 παῖδας,
1119 1216 1355 1264 πεπρᾶσθαι
1398 1218 1573 1263 Νέαιραν

161 1276 261 1317 κατὰ
288 1276 376 1322 τούς
402 1275 542 1327 νόμους
569 1276 737 1322 καὶτοὺς
763 1279 910 1322 παῖδας
928 1280 1055 1324 ξένους
1083 1273 1183 1317 εἶναι
1211 1279 1259 1317 de
1285 1278 1363 1317 fide
1383 1278 1572 1317 formulae

164 1344 334 1392 dubitat;
362 1354 450 1381 cum
479 1345 580 1381 enim
609 1345 777 1393 privatas
804 1346 954 1381 tantum
984 1354 1119 1381 causas
1145 1343 1321 1393 pactione
1359 1343 1571 1380 diiudicare

164 1407 306 1456 liceret,
330 1408 488 1446 omnino
515 1407 599 1446 fieri
627 1419 706 1446 non
733 1408 915 1458 potuisse,
942 1411 987 1446 ut
1008 1408 1267 1458 Apollodorus
1291 1411 1328 1446 et
1355 1407 1570 1458 Stephanus

165 1472 225 1512 de.
240 1471 391 1510 Neaera
429 1484 473 1509 ac
512 1472 644 1510 liberis
683 1473 738 1509 ita
772 1473 875 1510 inter
912 1484 953 1510 se
988 1472 1280 1522 paciscerentur.
1337 1472 1390 1509 At
1429 1472 1475 1509 de
1503 1472 1570 1509 tali

162 1537 348 1587 pactione,
382 1548 496 1587 quam
535 1536 794 1586 Apollodorus
823 1548 913 1575 cum
942 1535 1129 1586 Stephano
1167 1535 1292 1574 facere
1329 1537 1499 1584 voluerit,
1527 1537 1569 1573 in

162 1600 327 1638 formula
360 1601 458 1637 nihil
496 1602 682 1650 scriptum
711 1603 777 1638 est.
843 1599 926 1650 Ego
971 1601 1072 1638 enim
1119 1603 1331 1638 extremam
1381 1599 1569 1638 formulae

161 1667 310 1716 partem
333 1665 389 1703 sic
416 1665 712 1716 intellegendam
740 1675 822 1703 esse
848 1668 962 1716 puto:
991 1665 1271 1716 Apollodorum
1306 1666 1349 1703 in
1386 1656 1569 1716 provoca·

158 1718 265 1768 hone
294 1730 447 1779 dixisse,
475 1731 509 1768 si
536 1741 669 1768 servae
697 1730 837 1768 liberos
864 1741 942 1767 non
970 1742 1021 1768 ex
1056 1730 1207 1768 Neaera
1233 1740 1316 1768 esse
1355 1733 1466 1767 natos
1494 1732 1568 1767 tes·

161 1797 344 1843 tarentur,
372 1804 414 1833 se
440 1807 462 1833 a
483 1795 551 1833 lite
580 1795 809 1833 destiturum
837 1806 935 1841 esse3
972 1796 1033 1833 sin
1061 1798 1193 1832 contra
1221 1794 1458 1844 Stephanum
1494 1798 1569 1831 tes-

161 1858 366 1897 timonium
403 1857 582 1909 dicerent,
609 1859 716 1897 litem
744 1869 785 1897 se
812 1869 937 1909 usque
965 1858 1014 1897 ad
1036 1858 1153 1897 finem
1176 1869 1259 1897 esse
1282 1860 1569 1908 exsecuturum,

160 1927 205 1961 ut
231 1923 380 1963 Neaera
416 1924 631 1962 secundum
669 1925 774 1974 leges
813 1925 962 1963 veniret
996 1927 1110 1974 atque
1137 1923 1251 1961 liberi
1278 1935 1439 1961 numero
1463 1934 1569 1973 pere-

160 1987 360 2035 grinorum
388 1987 678 2026 ascriberentur.

727 2158 899 2220 caput
931 2158 1000 2207 Π.
1047 2117 1050 2120 ⁴

693 2254 757 2296 De
807 2254 1032 2306 ionibus.

566 2354 598 2390 1.
654 2351 713 2391 De
739 2353 825 2402 lege
852 2364 887 2402 p.
919 2353 1022 2392 1350
1050 2353 1073 2401 ξ
1104 2353 1162 2390 16.

267 2419 354 2461 Ἐὰν
372 2424 414 2461 δὲ
437 2427 540 2469 ξένος
563 2422 658 2479 ἀστῇ
680 2428 833 2479 συνοικῇ
853 2430 965 2480 τέχνῃ
988 2423 1012 2479 ἢ
1033 2428 1187 2479 μηχανῇ
1209 2422 1385 2478 ᾑτινιοῦν,
1406 2429 1566 2475 γραφέσ·

159 2488 222 2525 θω
249 2484 347 2537 πρός
377 2486 468 2531 τοὺς
499 2490 748 2539 θεσμοθέτας
775 2486 985 2542 Ἀθηναίων
1012 2487 1033 2529 ὃ
1056 2489 1296 2541 βουλόμενος,
1325 2491 1383 2532 οἱς
1411 2488 1565 2536 ἔξεστιν

158 2549 228 2589 ἐὰν
254 2550 295 2589 δὲ
329 2547 419 2603 ἁλῷ,
457 2551 682 2604 πεπράσθω
710 2568 775 2593 και
804 2551 919 2598 αὐτὸς
953 2556 1020 2593 καὶ
1053 2552 1077 2608 ἡ
1106 2552 1214 2595 ουσία
1249 2551 1380 2604 αὐτοῦ,
1419 2556 1484 2593 καὶ
1521 2555 1566 2594 τὸ
