1709 2851
147 172 255 210 mille
284 171 482 208 drachmas
509 171 552 208 in
581 170 742 208 Phanus
771 171 896 208 dotem
923 171 1123 209 consonet
1173 172 1281 210 Haec
1308 173 1392 222 ipsa
1410 174 1569 209 'senten-

146 236 201 273 tia
229 235 348 283 docet,
375 246 457 273 non
484 234 599 285 plane
625 235 767 273 iustam
793 234 914 273 fuisse
941 234 1129 286 Epaeneti
1157 237 1345 276 causam.“

256 298 438 348 Denique
465 299 764 337 Westermanno
804 299 1005 338 offensioni
1040 302 1097 337 est
1123 311 1202 337 vox
1240 300 1307 339 illa
1335 299 1570 349 διαλλακταί,

148 376 267 414 quam
305 364 496 413 pactionis
534 363 699 403 formula
745 363 911 415 praebet.
980 363 1163 412 „Warum
1202 375 1321 414 unser
1359 364 1570 413 Verfasser,

148 429 288 478 inquit,
310 428 373 466 die
390 427 696 467 Schiedsrichter
717 429 800 466 hier
822 427 879 466 als
899 426 1128 465 διαλλακταί
1147 428 1330 477 auffiihrt,
1351 430 1402 467 ist
1423 429 1570 467 schwei-

146 505 198 530 zu
227 504 357 542 Sagen,
412 492 637 543 Allerdings
665 504 795 531 waren
818 493 873 531 sie
887 492 1021 530 ihrem
1044 491 1188 530 Wesen
1211 493 1310 530 nach
1333 492 1569 541 διαλλακταί,

147 557 209 594 ihr
237 556 418 595 Geschaft
447 557 514 595 das
542 554 786 595 διαλλάττειν
814 556 852 608 (ἓ
883 556 959 607 70),
993 556 1056 594 ihr
1083 555 1232 607 Spruch
1265 557 1350 596 eine
1385 554 1571 609 διαλλαγή

146 622 186 671 (ξ
220 621 300 671 47),
340 622 567 671 gleichwohl
606 635 686 661 war
723 623 806 660 ihre
846 621 1022 660 officielle
1056 620 1334 671 Bezeichnung
1372 621 1572 673 διαιτηταί

147 687 229 724 und
258 698 299 724 es
326 687 379 724 ist
405 687 495 724 kein
520 686 658 725 Grund
687 686 916 736 abzusehen,
944 698 1094 724 warum
1122 686 1177 724 sie
1205 685 1323 724 selbst
1350 686 1431 724 sich
1460 687 1569 726 nicht

145 752 217 789 mit
248 751 372 789 ihrem
406 752 583 800 eigenen‚
610 752 777 789 sondern
805 753 877 789 mit
900 752 1030 800 jenem
1058 751 1355 801 allgemeineren
1383 749 1568 788 Pradikat

146 815 371 853 bezeichnet
398 814 524 853 haben
552 816 721 854 sollten.“
774 815 899 861 Quam
927 816 1155 854 sententiam
1178 814 1318 865 prob03
1347 814 1413 853 sed
1444 815 1567 865 expli—

145 881 227 917 cari
254 891 368 930 posse
396 882 501 930 puto,
539 892 609 918 cur
635 881 677 918 in
704 881 889 930 pactionis
915 880 1083 918 formula
1116 881 1234 919 verba
1267 879 1303 917 οἱ
1337 878 1569 916 διαλλακταί

145 947 309 982 exstent.
377 944 495 982 Haud
525 944 641 982 dubie
669 945 774 982 enim
813 945 854 981 in
893 944 1137 993 pactionibus
1178 945 1410 995 consignatis
1450 945 1564 981 etiam

146 1009 306 1045 nomina
340 1008 591 1046 diaetetarum
624 1009 796 1058 ipsorum
830 1007 1151 1047 inscribebantur.
1216 1008 1407 1054 Quoniam
1435 1011 1565 1046 autem

145 1075 185 1109 et
211 1072 275 1109 hic
299 1075 336 1109 et
360 1073 382 1120 ξ
407 1074 457 1126 47
481 1072 598 1110 iidem
624 1072 889 1111 testimonium
918 1072 1062 1121 dicunt,
1091 1073 1159 1122 qui
1182 1076 1294 1111 antea
1317 1072 1566 1111 diaetetarum

145 1147 306 1174 munere
333 1136 456 1174 functi
485 1140 608 1186 erant,
643 1140 758 1187 atque
786 1137 906 1187 igitur
940 1148 1074 1175 eorum
1102 1138 1262 1175 nomina
1287 1138 1366 1175 iam
1394 1138 1436 1174 in
1464 1138 1567 1175 testi-

144 1201 286 1237 moniis
313 1201 586 1249 inveniuntur,
619 1212 706 1239 mea
733 1201 922 1238 sententia
949 1200 1133 1239 librarius
1161 1202 1304 1251 aliquis
1340 1201 1497 1239 nomina
1524 1201 1566 1238 in

143 1264 388 1314 pactionibus
415 1265 606 1303 inutiliter
633 1265 755 1315 repeti
783 1265 909 1303 noluit
932 1269 968 1303 et
995 1265 1062 1303 illo
1090 1266 1174 1304 loco
1204 1278 1250 1304 ea
1276 1266 1392 1316 plane
1422 1266 1560 1313 omisit,

142 1329 215 1365 hoc
245 1332 369 1366 autem
400 1341 470 1378 pro
505 1330 553 1366 iis
581 1330 734 1378 scripsit
762 1328 798 1364 οἱ
827 1328 1056 1365 διαλλακταί
1063 1343 1071 1376 ;
1103 1330 1206 1379 quod
1234 1330 1364 1379 ipsum
1399 1340 1488 1366 eum
1517 1340 1566 1366 ex

142 1392 359 1430 testimonio
389 1392 631 1432 antecedenti
658 1393 891 1443 prompsisse
920 1394 1120 1444 existimo,
1152 1395 1193 1431 in
1229 1405 1305 1443 quo
1343 1395 1566 1431 invenimus

141 1456 207 1492 καὶ
256 1453 367 1493 αὗτοὶ
413 1456 694 1494 διαλλακταὶ
739 1453 936 1504 γενόμενοι
981 1454 1182 1501 διαλλάξαι
1231 1452 1454 1495 Ἐπαίνετον
1500 1457 1565 1494 καὶ

140 1523 350 1568 Στέφανον.
399 1521 656 1571 Apollodorus
678 1524 808 1558 autem
830 1521 1091 1558 testimonium
1114 1521 1360 1559 conscribens
1384 1521 1567 1559 diaetetas

142 1583 208 1621 illo
237 1585 395 1623 nomine
418 1585 610 1636 appellare
638 1585 795 1636 potuit1)
833 1596 959 1634 neque
993 1586 1035 1623 in
1069 1585 1139 1623 hac
1174 1598 1214 1623 re
1242 1585 1566 1624 Westermannus

141 1648 346 1687 offendisse
374 1650 535 1687 videtur.

476 1757 534 1796 12
591 1755 650 1794 De
679 1757 899 1794 testimonio
928 1769 963 1806 p
997 1758 1098 1795 1373
1129 1757 1150 1805 ἓ
1181 1758 1241 1795 84.

251 1843 439 1892 Θεογένης
472 1837 636 1890 Ἐρχιεὺς
675 1845 884 1891 μαρτυρεῖ,
924 1836 989 1879 ὅτε
1029 1837 1145 1885 αὐτὸς
1188 1838 1402 1892 ἐβασίλευε,
1446 1844 1564 1892 γῆμαι

140 1904 260 1943 Φανὼ
283 1902 331 1949 ὡς
349 1903 550 1955 Στεφανου
570 1906 688 1943 οὖσαν
704 1908 911 1955 θυγατέρα,
935 1903 1024 1943 ἐπεὶ
1041 1906 1082 1943 δὲ
1100 1903 1244 1958 ᾔσθετο
1265 1903 1563 1957 ἐξηπατημένος,

138 1967 209 2020 τήι
236 1982 279 2007 τε
310 1968 523 2020 ἄνθρωπον
551 1967 728 2019 ἐκβαλεῖν
763 1983 827 2007 και
864 1965 990 2007 οὐκέτι
1028 1975 1215 2008 συνοικεῖν
1249 1965 1357 2022 αὐτῇ,
1385 1970 1449 2008 καὶ
1476 1973 1563 2008 Στε-

137 2048 263 2083 φανον
292 2031 486 2072 ἀπελάσαι
510 2031 590 2072 ἀπὸ
614 2037 680 2086 τῆς
708 2035 922 2084 παρεδρίας
949 2034 1014 2071 καὶ
1037 2030 1106 2071 οὐκ
1135 2031 1204 2071 ἐᾶν
1226 2032 1284 2071 ἔτι
1306 2030 1564 2084 παρεδρεύειν

138 2094 255 2150 αὐτῷ.

247 2164 381 2202 Phano
409 2165 513 2202 illam
538 2178 560 2203 a
581 2165 786 2203 Phrastore
809 2165 1007 2202 dimissam
1029 2164 1248 2214 Theogenes
1273 2165 1442 2215 quidam,
1471 2176 1562 2202 cum

136 2232 300 2267 mune're
324 2229 518 2267 archontis
541 2230 643 2280 regis
665 2229 909 2280 fungebatur,
932 2229 973 2266 in
996 2229 1284 2268 matrimonium
1304 2230 1420 2267 duxit
1441 2229 1562 2267 idem-

136 2305 213 2343 que
243 2293 482 2344 Stephanum
511 2290 706 2343 πάρεδρον
739 2294 814 2332 sibi
842 2294 1017 2344 sumpsit.
1080 2292 1203 2332 Paulo
1239 2296 1367 2332 autem
1401 2296 1487 2344 post
1523 2297 1561 2332 et

136 2370 300 2397 uxorem
328 2358 548 2408 repudiavit
576 2362 613 2396 et
636 2359 874 2409 Stephanum
903 2369 1064 2397 munere
1086 2359 1218 2397 movit.
1276 2356 1388 2403 Quod
1418 2358 1561 2408 quibus

259 2509 355 2549 >cfr
380 2507 549 2539 Dcmosth.
574 2505 662 2538 Orat
686 2506 906 2539 XXXXVIII
930 2507 949 2547 ξ
973 2509 1002 2539 2
