1709 2851
738 100 1005 136 -22—

161 206 276 245 modo
305 205 568 257 Apollodorus
595 206 636 243 in
664 206 883 244 testimonio
912 204 1195 245 conscribendo
1214 205 1256 243 id
1279 207 1468 255 spectasse
1489 201 1587 240 mihi

162 271 328 319 videtur,
356 273 400 308 ut
426 269 627 307 Phrastori
663 270 737 319 ipsi
767 281 882 319 quam
916 269 1125 306 minimum
1156 268 1203 307 de
1230 270 1276 307 iis
1304 268 1421 307 rebus
1456 267 1588 305 dicen-

162 335 257 373 dum
285 337 401 383 esset,
436 345 533 383 quas
569 344 649 371 non
685 332 935 371 laudabiliter
967 332 1119 369 fecerat.
1176 331 1434 382 Inspiciamus
1466 332 1590 382 igitur

161 398 328 448 singula,
357 409 458 447 quae
486 398 752 435 testimonium
780 397 961 434 continet.
1015 395 1138 434 Plane
1166 407 1211 434 ac
1239 396 1380 434 diserte
1402 396 1590 434 Phrastor

162 462 341 511 affimat,
363 473 415 511 se,
439 473 528 499 cum
547 460 682 499 Phano
703 460 945 511 peregrinam
968 472 1051 499 esse
1075 460 1327 511 cognovisset,
1349 459 1585 510 Stephanum

162 528 204 564 in
242 527 305 564 ius
343 537 517 574 vocasse,
556 528 594 563 et
630 525 705 562 hoc
739 525 870 563 statim
908 526 1019 562 initio
1055 525 1262 563 testimonii
1301 528 1587 572 commemorat,

163 602 401 641 quamquam
428 601 508 628 non
534 601 603 640 pro
632 592 736 628 certo
766 589 874 639 dicit,
902 590 944 629 id
971 590 1140 640 primum
1167 588 1311 627 factum
1339 600 1432 627 esse.
1486 588 1586 626 Tum

162 656 300 693 ceteris
329 654 485 693 divortii
519 654 646 691 causis
674 654 788 703 plane
822 654 1099 704 praetermissis
1127 656 1304 702 testatur,
1338 652 1474 690 fraude
1503 651 1587 690 Ste-

161 719 281 769 phani
309 730 349 756 se
377 722 457 757 tam
484 719 628 756 iratum
651 718 780 767 fuisse,
808 721 852 756 ut
879 728 958 755 non
990 717 1184 756 dubitaret
1211 717 1450 767 peregrinam
1478 707 1585 755 illam

162 782 342 820 abdicare
377 782 570 832 domoque
612 783 745 820 eicere.
812 782 874 819 Ad
923 782 1027 831 quod
1072 782 1346 819 illustrandum
1384 781 1481 818 illud
1520 781 1585 818 καὶ

162 842 290 883 οὐκέτι
307 849 495 883 συνοικεῖν
516 841 624 897 αὐτῇ,
645 845 749 895 quod
768 845 1090 883 Westermannus
1108 857 1433 895 supervacaneum
1453 846 1587 883 existi-

163 914 252 958 mat,
281 913 368 960 apte
397 908 572 947 additum
600 920 683 946 esse
710 909 803 946 mihi
830 909 993 948 videtur.
1063 908 1146 954 Qua
1181 914 1309 947 autem
1336 911 1486 947 ratione
1514 921 1585 947 sua

163 974 286 1024 ipsius
315 974 508 1012 accusatio
538 985 627 1010 cum
656 973 840 1023 Stephani
874 975 1134 1022 accusatIone,
1174 973 1221 1011 de
1257 986 1333 1023 qua
1361 974 1501 1012 deinde
1528 974 1586 1011 lo·

163 1038 296 1086 quitur
316 1037 393 1085 (καὶ
415 1035 598 1083 λαχόντος
622 1032 726 1087 αὐτῷ
742 1034 944 1085 Στεφάνου
962 1036 1016 1079 εἰς
1032 1033 1195 1075 Ὠιδεῖον
1217 1037 1350 1087 σίτου),
1375 1038 1587 1085 cohaereat,

163 1101 347 1138 Phrastor
374 1112 454 1138 non
483 1101 660 1151 exponit;
689 1101 822 1151 itaque
850 1102 886 1139 ei
909 1113 988 1139 non
1012 1101 1220 1139 dicendum
1243 1106 1335 1150 erat,
1363 1112 1403 1140 se
1426 1112 1582 1139 causam

164 1177 243 1202 non
271 1166 380 1215 prius
408 1165 456 1202 ad
483 1164 632 1202 iudices
661 1165 852 1213 detulisse,
882 1178 999 1215 quam
1032 1167 1198 1212 timeret,
1232 1177 1281 1203 ne
1308 1167 1391 1216 ipse
1426 1166 1586 1202 damna-

162 1232 280 1268 retur.
334 1228 471 1278 Neque
494 1229 536 1266 id
557 1229 697 1279 ipsum,
722 1228 849 1267 dotem
872 1241 951 1271 non
974 1241 1056 1268 esse
1075 1230 1276 1278 redditam,
1299 1231 1340 1267 111
1363 1229 1586 1267 testimonio

163 1294 278 1330 certis
306 1293 436 1330 verbis
464 1304 691 1342 expressum
719 1304 800 1330 esse
827 1294 1023 1340 videmus3
1063 1294 1168 1343 quod
1196 1297 1324 1331 autem
1353 1295 1436 1331 sine
1465 1292 1586 1331 dubio

164 1358 235 1395 hoc
263 1357 415 1395 silentio
445 1358 568 1394 omitti
596 1368 676 1394 non
704 1360 863 1406 poterat,
891 1357 1152 1407 Apollodorus
1181 1359 1223 1396 id
1251 1359 1379 1396 solum
1407 1359 1449 1395 in
1478 1358 1585 1395 testi-

161 1423 291 1459 monio
318 1422 531 1470 inscripsit:
561 1421 626 1457 καὶ
652 1418 834 1467 λαχόντος
857 1417 962 1471 αὐτῷ
983 1418 1183 1469 Στεφάνου
1207 1421 1260 1464 εἰς
1283 1418 1445 1459 Ὠιδεῖον
1466 1423 1585 1459 σίτου.

161 1485 292 1523 Nihilo
316 1486 450 1528 ‚minus
478 1485 638 1532 iudices,
667 1496 757 1522 cum
785 1485 1043 1534 Apollodorus
1078 1490 1190 1523 antea
1223 1486 1378 1535 singula
1413 1486 1584 1534 explica-

162 1550 291 1594 visset,
321 1560 369 1586 ex
392 1549 613 1586 testimonio
636 1549 794 1586 recitato
824 1550 915 1586 satis
943 1549 1166 1599 intellegere
1189 1553 1375 1599 poterant,
1404 1560 1494 1586 eum
1522 1560 1587 1586 res

162 1623 253 1650 vere
281 1613 506 1650 narravisse.

270 1685 418 1736 Restat,
455 1690 500 1725 ut
533 1698 656 1737 pauca
685 1686 733 1725 de
762 1688 946 1725 extremis
975 1688 1185 1726 testimonii
1212 1687 1341 1726 verbis
1375 1683 1422 1738 ἣν
1449 1684 1589 1735 ἔλαχεν

160 1748 250 1798 ἐμοὶ
276 1754 472 1799 Στέφανος
502 1752 638 1789 dicam.
695 1751 772 1788 Pro
801 1749 892 1798 ἐμοί
918 1752 1126 1789 desiderari
1155 1748 1260 1802 αὐτῷ
1287 1752 1587 1789 Westermanno

164 1816 370 1862 assentior,
397 1827 467 1853 cur
489 1818 618 1852 autem
641 1815 740 1852 illud
763 1815 905 1853 falsarii
928 1816 978 1854 sit
999 1827 1126 1865 neque
1143 1819 1270 1854 orator
1287 1817 1390 1854 idem
1414 1814 1586 1853 scribere

160 1880 347 1928 potuerit,
388 1891 467 1916 non
506 1879 633 1926 video,
675 1881 900 1928 praesertim
945 1891 1035 1916 cum
1077 1880 1120 1916 in
1160 1880 1331 1917 oratione
1370 1880 1453 1929 ipsa
1496 1890 1584 1928 per-

162 1942 286 1980 multa.
313 1942 643 1992 negligentissime
671 1943 813 1992 scripta
840 1943 1091 1981 inveniamus.
1143 1943 1208 1981 cfr.
1234 1945 1256 1991 ξ
1283 1945 1331 1981 76
1360 1943 1424 1980 καὶ
1446 1944 1589 1980 τοῦτον

160 2005 230 2043 τὸν
251 2002 372 2052 νόμον
392 2003 655 2057 γράψαντες
677 2004 719 2043 ἐν
746 2004 861 2058 στήλῃ
884 2006 1014 2058 λιθίνῃ
1044 2005 1246 2057 ἔστησαν
1268 2037 1276 2044 .
1301 2036 1309 2043 .
1334 2038 1340 2045 .
1363 1999 1587 2055 μαρτυρίαν

162 2067 457 2116 ποιούμενος
491 2066 511 2106 ὃ
549 2070 693 2120 δῆμος
729 2065 828 2120 ὑπὲρ
861 2071 941 2121 τῆς
976 2065 1123 2108 αὑτοῦ
1151 2066 1346 2120 εὐσεβείας
1386 2068 1484 2120 πρὸς
1516 2068 1588 2108 τὸν

161 2132 262 2171 θεὸν
295 2134 360 2171 καὶ
399 2131 737 2184 παρακαταθήκην
773 2134 1020 2172 καταλείπων
1053 2140 1131 2177 τοϊς
1176 2133 1487 2182 ἐπιγιγνομένοις,
1524 2131 1585 2173 ὅτι

160 2195 233 2249 τήν
260 2210 301 2245 γε
313 2198 384 2235 σοὶ
412 2202 570 2245 γυναῖκα
594 2199 858 2250 δοθησομένην
879 2199 943 2236 καὶ
966 2196 1200 2237 ποιτῗσουσαν
1223 2197 1271 2237 τὰ
1294 2197 1379 2249 ἱερὰ
1401 2196 1588 2251 τοιαύτην

163 2258 388 2311 ἀξιοῦμεν
416 2256 559 2311 εἷναι.1)
1074 2268 1078 2273 “

274 2473 298 2514 ¹)
323 2472 386 2505 Cfr.
409 2473 586 2516 Lortzingii
610 2474 736 2507 dissert.
761 2485 831 2518 pag.
856 2479 906 2525 68.
