1709 2851
766 160 1004 196 *5-

173 279 274 319 quae
312 266 435 316 magis
475 277 565 303 cum
606 266 823 303 orationum
852 266 1042 315 ipsarum
1084 266 1211 304 verbis
1250 267 1456 305 cohaerent
1467 265 1507 316 ¹),
1546 268 1588 304 in

172 331 304 370 codice
332 332 366 367 Σ
392 329 543 367 desunt.

759 457 930 518 Caput
962 458 1004 507 Ι.

171 555 225 594 ne
252 554 490 594 testimoniis
520 554 642 603 iisque
671 553 862 604 formulis,
894 564 992 604 quae
1016 554 1216 594 artissime
1241 564 1326 594 cum
1348 555 1585 595 testimoniis

700 618 933 658 coniunctas
962 620 1064 657 sunt.

278 691 416 730 Omnia
452 693 672 731 testimonia
704 693 866 730 orationi
899 694 942 730 in
975 692 1167 731 Neaeram
1200 694 1345 730 inserta
1378 707 1400 730 a
1432 694 1585 731 falsario

168 757 367 806 supposita
401 767 485 793 esse
519 756 840 794 Westermannus
867 756 1183 806 Abhandlungen
1221 757 1289 794 der
1315 756 1586 807 philologisch-

168 821 298 859 histor.
338 819 475 858 Klasse
519 821 586 859 der
634 822 754 859 sachs.
799 820 1003 858 Gesellsch.
1050 821 1118 858 der
1155 820 1391 859 Wissensch.
1435 822 1537 859 1850
1566 821 1585 858 Ι

168 898 254 935 pag.
288 887 497 923 114—129
528 885 788 923 demonstrare
817 885 953 922 studet.

275 949 509 999 Priusquam
539 962 592 998 ea,
623 961 720 999 quae
747 950 790 987 in
818 949 983 999 singulis
1011 950 1239 987 testimoniis
1267 951 1471 999 vituperat,
1500 961 1585 999 per—

165 1025 408 1061 censeamus,
458 1013 505 1051 de
542 1014 610 1051 illo
651 1016 875 1063 argumento
919 1013 1172 1051 iudicandum
1216 1013 1328 1060 nobis
1365 1017 1438 1063 est,
1479 1013 1583 1063 quod

164 1090 250 1128 pag.
287 1079 337 1116 63
378 1081 510 1115 contra
550 1078 758 1116 multorum
797 1078 1103 1115 testimoniorum
1150 1079 1415 1116 auctoritatem
1465 1078 1582 1116 affert.

166 1142 401 1180 Persuasum
433 1143 537 1180 enim
565 1142 690 1191 habet,
719 1142 934 1179 testimonia
963 1153 1112 1192 semper
1139 1143 1192 1180 ita
1213 1142 1334 1181 fuisse
1357 1143 1583 1192 conscripta,

166 1210 211 1244 ut
239 1210 353 1244 testes
379 1207 494 1256 pleno
522 1208 696 1254 nomine,
734 1207 775 1243 id
813 1209 870 1243 est
905 1207 1061 1243 nomine
1088 1208 1206 1256 patris
1237 1219 1280 1244 ac
1309 1207 1412 1244 demi
1440 1207 1582 1253 addito,

164 1270 455 1320 appellarentur.
481 1269 621 1307 Omnia
640 1271 757 1320 igitur
779 1270 1005 1318 testimonia,
1027 1270 1069 1306 in
1093 1270 1234 1319 quibus
1257 1282 1301 1308 ea
1330 1282 1409 1308 non
1431 1270 1582 1320 reperit,

166 1346 333 1385 quorum
365 1347 530 1384 magnus
567 1338 625 1372 est
658 1346 861 1383 numerus,
902 1333 1046 1371 idcirco
1082 1336 1279 1384 supposita
1319 1347 1402 1373 esse
1441 1338 1581 1372 censet.

166 1399 222 1436 Ut
249 1402 378 1436 autem
407 1399 592 1446 ostendat,
620 1399 727 1435 illam
754 1399 880 1447 legem
907 1409 949 1435 re
971 1410 1064 1435 vera
1087 1399 1327 1436 observatam
1351 1410 1447 1447 esse,
1473 1398 1582 1435 nullo

164 1463 241 1501 alio
269 1463 405 1500 nititur
433 1466 659 1513 argumento
688 1463 762 1500 nisi
790 1463 999 1500 testimonii
1027 1462 1210 1513 formula,
1248 1476 1364 1513 quam
1393 1463 1583 1512 excerpsit

164 1540 215 1565 ex
242 1527 373 1565 verbis
408 1528 502 1576 ipsis
535 1526 806 1564 Demosthenis
839 1527 879 1563 in
915 1526 1112 1565 Cononem
1147 1529 1328 1566 orationis
1362 1539 1446 1577 pag.
1478 1527 1581 1564 1266

164 1594 188 1640 ξ
217 1594 288 1630 30:
318 1587 574 1639 ,ἐμβάλλεται
600 1593 816 1640 μαρτυρίαν
844 1592 982 1642 ψευδῆ,
1011 1592 1075 1628 καὶ
1103 1589 1357 1640 ἐπιγράφεται
1385 1588 1582 1639 μάρτυρας

163 1652 415 1704 ἀνθρώπους,
463 1651 527 1697 οὓς
567 1651 651 1692 οὐού
690 1651 789 1703 ὑμᾶς
840 1651 1035 1706 ἀγνοήσειν
1070 1654 1218 1704 οἴομαι,
1268 1653 1337 1692 ἐὰν
1395 1650 1581 1704 ἀκούσητε

163 1717 371 1767 7,Διότιμος
403 1722 591 1768 Διοτίμου
626 1716 828 1769 Ἰκαριεύς,
857 1715 1094 1770 Ἀρχεβιάδης
1131 1720 1378 1771 Δημοτέλους
1404 1715 1580 1764 Ἁλαιεύς,

162 1781 373 1835 Χαιρήτιος
429 1787 686 1833 Χαιριμένους
749 1782 926 1826 Πιτθεὺς
980 1786 1180 1834 μαρτυροῖ
1181 1796 1238 1822 σιν
1293 1780 1450 1821 ἀπιέναι
1500 1778 1580 1819 ἀπὸ

163 1848 325 1885 δείπνου
363 1846 464 1895 μετὰ
507 1844 680 1890 Κόνωνος
710 1849 789 1885 ’καὶ
834 1848 1066 1897 προςελθεῖν
1112 1846 1154 1885 ἐν
1190 1845 1308 1897 α’γορᾷ
1351 1850 1581 1895 μαχομένοις

163 1907 349 1959 ’Λρίστωνι
392 1912 457 1948 καὶ
495 1913 549 1962 τῷ
591 1911 670 1948 υὶεῖ
708 1914 762 1963 τῷ
803 1910 977 1954 Κόνωνος
1016 1912 1080 1949 καὶ
1115 1909 1170 1963 μὴ
1210 1909 1383 1957 πατάξαι
1421 1908 1579 1949 Κόνωνα

164 1971 395 2023 Ἄρίστωναιι.
436 1975 512 2014 Sed
540 1976 650 2027 inde,
672 1977 777 2026 quod
803 1978 845 2014 in
873 1989 954 2015 una
979 1977 1145 2014 formula
1172 1978 1330 2014 nomina
1357 1976 1424 2013 illa
1452 1975 1581 2013 addita

162 2052 247 2078 esse
276 2041 460 2087 videmus,
489 2054 569 2079 non
596 2042 687 2080 licet
715 2042 958 2090 concludere,
987 2054 1136 2091 semper
1164 2054 1209 2079 ea
1231 2054 1313 2079 esse
1337 2041 1477 2078 addita.
1529 2039 1576 2076 In

162 2105 483 2153 inscriptionibus
521 2117 675 2155 quoque
710 2106 876 2155 publicis
904 2106 1017 2143 modo
1046 2109 1257 2155 utrumque
1286 2116 1427 2142 nomen
1451 2103 1578 2140 adiec-

164 2171 249 2204 tum
276 2168 515 2217 invenimus,
543 2170 657 2206 modo
686 2170 864 2217 alterum,
892 2170 1006 2206 modo
1034 2173 1226 2207 neutrum.
1283 2169 1486 2206 Praeterea
1513 2167 1579 2203 illo

164 2231 249 2268 loco
278 2225 406 2268 or'ator
433 2236 536 2270 certo
565 2233 726 2271 consilio
755 2236 833 2270 tam
862 2236 1040 2271 accurate
1068 2236 1182 2271 testes
1211 2233 1463 2283 appellavisse
1485 2231 1579 2268 mihi

163 2294 333 2341 videtur3
372 2306 462 2332 cum
495 2297 600 2334 enim
634 2297 833 2335 ostendere
869 2297 1001 2346 vellet,
1040 2298 1303 2335 testimonium
1332 2308 1414 2334 esse
1440 2296 1577 2332 falsum

163 2361 358 2408 testesque
392 2359 498 2408 ipsos
536 2361 644 2399 nulla
679 2361 756 2399 fide
795 2361 952 2411 dignos,
980 2361 1149 2399 multum
1188 2362 1271 2399 eius
1306 2362 1502 2407 intererat,
1536 2362 1580 2395 ut

167 2423 314 2461 iudices
342 2423 624 2474 intellegerent,
660 2427 729 2475 qui
755 2426 814 2464 illi
842 2430 957 2464 testes
987 2429 1129 2474 essent,
1163 2429 1207 2463 ut
1235 2437 1284 2462 ex
1312 2425 1405 2474 ipsis
1433 2423 1577 2461 verbis:

275 2574 300 2614 ¹)
324 2573 385 2606 Cfr.
409 2572 581 2605 Kirchneri
604 2574 732 2606 dissert.
757 2585 828 2616 pag.
853 2578 891 2607 21
917 2577 950 2607 et
973 2578 1023 2607 29.
