1709 2851
732 63 995 99 —19—

151 175 235 212 dies
265 172 321 209 ita
353 169 475 207 dividi
510 169 696 218 potuisse,
733 172 777 207 ut
814 180 943 218 neque
976 169 1194 219 Stephanus
1233 181 1360 219 neque
1389 169 1567 218 'Phrynio

148 236 336 275 feminam
362 233 452 283 plus
479 232 661 283 temporis
688 231 791 282 apud
819 243 860 270 se
887 231 1055 271 haberet.

260 297 308 336 In
336 308 380 334 eo
410 299 550 346 autem,
579 296 683 346 quod
711 296 859 346 aliquid
886 297 990 334 inter
1015 297 1134 335 verba
1155 298 1335 335 orationis
1358 308 1402 335 ac
1424 297 1568 335 formu-

152 365 213 402 lae
239 363 423 400 interesse
450 360 632 406 vidimus,
659 361 745 398 iure
772 360 914 398 offendi
947 372 1027 398 non
1055 364 1197 411 potest;
1219 373 1326 399 nam
1358 364 1569 411 utrumque

151 437 241 464 vere
275 425 324 463 ad
362 424 466 463 idem
499 424 625 462 tendit
656 435 782 474 neque
809 425 1167 474 pratermittendum
1200 425 1313 463 nobis
1349 428 1424 473 est,
1464 425 1567 474 quod

148 502 269 540 supra
297 490 470 539 exposui,
500 501 523 527 a
551 489 725 527 diaetetis
752 489 851 526 nihil
874 490 968 527 certi
996 491 1249 527 constitutum
1277 489 1420 527 fuisse<

491 586 524 623 8.
579 584 637 622 De
664 585 880 623 testimonio
907 597 943 635 p.
977 586 1076 624 1361
1108 586 1130 634 ξ
1159 586 1220 624 48.

252 657 442 708 Εὔβουλος
485 659 755 708 Προβαλίσιος,
800 661 1020 710 Διοπείθης
1067 657 1276 709 Μελιτεύς,
1323 656 1481 711 Κτήσων
1525 656 1568 696 ἐκ

149 726 360 775 Κεραμέων
390 725 661 773 μαρτυροῦσιν,
696 721 832 774 ἐπειδὴ
873 722 913 761 αἱ
949 723 1148 771 διαλλαγαὶ
1190 721 1360 772 ἐγένοντο
1394 723 1435 762 αι’
1474 724 1567 772 περὶ

149 789 323 837 Νεαίρας
358 790 547 838 Φρυνίωνι
582 788 647 825 καὶ
685 784 883 843 Στεφάνῳ,
918 785 1102 831 πολλάκις
1129 788 1399 839 συνδειπνῆσαι
1435 783 1567 829 αὐτοῖς

146 852 213 890 καὶ
241 854 447 899 συμπίνειν
478 850 579 900 μετὰ
613 854 786 901 Νεαίρας
815 854 882 903 τῆς
909 853 992 889 νυνὶ
1028 848 1315 902 ἀγωνιζομένης,
1351 852 1414 888 καὶ
1442 848 1565 888 ὁπότε

148 914 260 966 παρὰ
289 913 473 967 Στεφάνῳ
502 914 562 967 εἴη
589 918 740 965 Νέαιρα
769 917 833 954 καὶ
862 913 983 954 ὁπότε
1011 914 1121 967 παρὰ
1152 919 1350 965 Φρυνίωνι.

236 979 314 1024 ,ΒΘ
343 984 568 1030 argumento
591 982 801 1019 testimonii
823 981 1144 1019 Westermannus
1172 981 1269 1018 nihil
1296 980 1560 1030 reprehendit3

146 1045 197 1082 de
231 1044 455 1091 nominibus
491 1045 647 1082 testium
680 1045 775 1082 haee
814 1047 990 1082 annotat:
1029 1043 1124 1092 „Die
1157 1044 1380 1094 gegebenen
1413 1044 1563 1082 Namen

147 1108 240 1146 sind
279 1109 354 1145 wie
393 1108 543 1145 iiberall
580 1109 622 1145 in
661 1108 791 1146 diesen
819 1107 1047 1154 Urkunden,
1085 1119 1145 1145 wo
1186 1108 1254 1146 der
1280 1107 1433 1146 Redner
1461 1108 1564 1146 diese

145 1172 269 1211 selbst
296 1172 403 1210 nieht
425 1172 642 1223 hinzufiigt,
672 1173 768 1210 ohne
798 1172 860 1210 die
882 1172 1117 1210 vaterlichen
1138 1172 1290 1210 Namen'
1311 1173 1563 1222 aufgefiihrt.‘²

148 1238 202 1273 At
239 1236 561 1274 Westermannus
599 1237 696 1285 ipse,
737 1248 826 1273 cum
868 1236 914 1273 de
953 1237 1077 1285 primo
1117 1237 1335 1274 testimonio
1378 1237 1561 1274 orationis

142 1303 285 1350 ageret,
311 1300 442 1338 multis
464 1300 592 1339 verbis
616 1301 663 1338 de
685 1301 840 1339 nomine
863 1299 1054 1349 Dionysii,
1081 1301 1200 1350 pati-Is
1223 1300 1453 1349 Philostrati,
1483 1300 1563 1345 dis-

147 1365 313 1414 putavit;
359 1364 502 1402 ibidem
540 1368 647 1415 pater
685 1365 823 1413 Lysiae
866 1365 1055 1414 Cephalus
1095 1368 1271 1411 vocatur,
1313 1365 1481 1414 denique
1519 1366 1561 1402 in

143 1431 320 1467 extremo
362 1429 544 1466 orationis
583 1429 801 1466 testimonio
847 1441 916 1467 sex
961 1431 1076 1467 testes
1127 1428 1368 1478 appellantur
1418 1429 1560 1467 additis

145 1496 297 1542 patrum
327 1493 561 1540 nominibus,
593 1505 690 1542 quae
717 1495 758 1531 in
787 1495 956 1531 oratione
983 1493 1066 1542 ipsa
1093 1504 1172 1530 non
1200 1494 1452 1542 reperiuntur.

491 1590 525 1627 9.
580 1588 638 1626 De
665 1589 884 1627 testimonio
913 1601 947 1640 p.
980 1589 1080 1628 1363
1111 1591 1132 1638 ξ
1162 1590 1222 1627 54.

256 1661 444 1713 Φράστωρ
456 1663 639 1711 Αἰγιλιευς
656 1669 853 1713 μαρτυρεῖ,
871 1661 1008 1715 επειδὴ
1029 1662 1171 1716 ᾔσθετο
1183 1666 1355 1713 Νεαίρας
1366 1666 1561 1714 θυγατερα

139 1723 326 1779 ἑγγυησαι
329 1741 374 1766 τα
396 1723 500 1780 αυτῷ
517 1730 715 1777 Στεφανον
738 1724 787 1772 ὡς
806 1727 947 1767 ἑαυτοῦ
967 1728 1084 1766 οὖσαν
1105 1730 1311 1777 θυγατέρα,
1332 1726 1561 1780 γράψασθαι

140 1787 264 1827 αὐτὸν
297 1791 446 1843 γραφὴν
478 1790 578 1841 πρὸς
610 1791 700 1834 τοὺς
727 1795 974 1840 θεσμοθέτας
1006 1790 1104 1829 κατὰ
1138 1790 1205 1829 τὸν
1238 1789 1371 1840 νόμον,
1400 1794 1464 1830 καὶ
1490 1792 1562 1844 τὴν

141 1851 357 1905 ἄνθρωπον
395 1853 572 1906 ἐκβαλεῖν
607 1853 649 1894 ἐκ
681 1859 748 1908 τῆς
782 1856 923 1895 ἑαυτοῦ
962 1855 1083 1900 οἰκίας
1117 1857 1181 1894 καὶ
1215 1852 1342 1894 οὗκὲτι
1375 1862 1562 1895 συνοικεῖν

141 1914 254 1970 αὐτῇ,
282 1920 346 1956 καὶ
373 1917 554 1966 λαχόντος
583 1918 689 1970 αὐτῷ
706 1919 906 1969 Στεφάνου
935 1920 989 1964 εἷς
1006 1918 1168 1959 Ὠιδεῖον
1184 1923 1289 1957 σίτου
1306 1918 1560 1959 διαλύσασθαι

142 1978 243 2030 πρὸς
271 1978 391 2020 αὐτὸν
417 1980 623 2033 Στέφανον,
653 1981 748 2023 ὥστε
775 1983 846 2036 τὴν
874 1984 1023 2037 γραφὴν
1057 1981 1309 2036 ἀναιρεθῆναι
1347 1984 1457 2035 παρὰ
1484 1988 1560 2023 τῶν

143 2047 398 2092 θεσμοθετῶν
423 2049 489 2086 καὶ
516 2047 587 2100 τὴν
614 2050 721 2101 δίκην
747 2052 817 2088 τοῦ
844 2053 960 2097 σίτου,
996 2048 1042 2087 ’ἓν
1069 2048 1207 2097 ἔλαχεν
1240 2047 1327 2098 ἐμοὶ
1355 2052 1559 2097 Στέφανος.

250 2109 445 2150 Phrastori
474 2114 628 2152 cuidam
658 2114 874 2165 Stephanus
901 2114 1037 2153 Phano
1064 2119 1108 2153 ut
1130 2127 1240 2153 suam
1262 2115 1380 2152 filiam
1410 2115 1452 2151 in
1479 2126 1558 2151 ma-

145 2173 367 2211 trimonium
392 2176 565 2224 dederat3
591 2190 691 2215 anno
712 2182 841 2216 autem
859 2181 994 2216 exacto
1007 2178 1191 2216 Phrastor
1208 2190 1293 2216 eam
1317 2178 1428 2215 domo
1448 2178 1558 2215 eiecit

142 2247 270 2286 neque
289 2237 416 2278 dotem
438 2245 632 2293 acceptam
660 2243 838 2283 reddidit.
889 2242 1013 2288 Quam
1038 2242 1085 2280 ob
1120 2254 1202 2280 rem
1231 2255 1319 2280 oum
1341 2241 1558 2291 Stephanus

137 2301 250 2350 δίκην
272 2305 390 2350 σίτου,
421 2317 520 2353 quae
547 2310 717 2355 vocatur,
744 2307 984 2356 instituisset,
1013 2319 1035 2344 a
1062 2305 1265 2343 Phrastore
1296 2306 1467 2343 vicissim
1496 2317 1559 2343 ae-

143 2368 301 2404 cusatus
329 2370 397 2416 est,
426 2370 531 2418 quod
559 2371 635 2409 sibi
662 2372 887 2421 peregrinae
909 2371 1029 2409 filiam
1046 2374 1091 2408 ut
1113 2383 1222 2408 suam
1249 2371 1372 2420 ipsius
1394 2382 1558 2420 spopon-

136 2429 274 2477 disset;
308 2429 443 2469 Phano
484 2434 587 2471 enim
627 2446 711 2472 esse
738 2434 910 2472 Neaerae
949 2434 1077 2472 filiam.
1137 2434 1234 2472 Tum
1265 2433 1482 2484 Stephanus
1520 2438 1558 2473 et

136 2492 386 2534 Phrastorem
426 2500 652 2546 commovit,
690 2503 736 2538 ut
773 2491 878 2538 litem
918 2500 1082 2548 tolleret,
1122 2503 1159 2537 et
1196 2500 1278 2548 ipse
1313 2499 1418 2539 idem
1455 2499 1557 2537 feeit.

1316 2561 1366 2599 2*
