1709 2851
721 114 985 151 ..15-

144 230 369 268 auctoritate
396 230 480 269 tolli
507 232 610 280 puto.
666 228 912 268 Demoticum
952 230 1055 268 enim
1082 229 1182 269 illud
1210 230 1414 280 Stephani,
1455 230 1561 280 quod

143 294 187 331 in
208 294 427 332 testimonio
466 294 548 332 solo
588 297 661 343 est,
695 305 830 331 verum
859 305 941 332 esse
970 293 1201 344 populiscito
1231 294 1416 344 quodam,
1456 294 1561 344 quod

144 361 272 396 exstat
310 358 348 396 C.
387 359 423 397 J.
462 359 511 398 A.
546 358 587 396 II
614 360 669 396 tit.
712 359 799 406 109,
838 358 1119 408 comprobatur.
1173 358 1212 396 Is
1252 359 1372 407 enim,
1414 359 1482 408 qui
1518 359 1562 395 id

144 423 312 472 rogavit,
340 423 572 473 appellatur:
607 425 801 470 Στέφανος
833 418 1099 470 Ἀντιδωρίδου
1127 417 1177 460 ’E
1200 452 1435 461 .......
1486 420 1562 466 Qui

144 486 229 524 sine
257 486 375 525 dubio
403 487 565 523 maritus
592 485 763 524 Neaerae
791 489 863 533 est3
893 497 984 523 nam
1014 485 1119 535 quod
1146 487 1313 535 primum
1337 485 1386 523 ad
1409 489 1561 535 tempus

145 551 299 598 attinet,
348 551 487 589 titulus
525 550 609 599 ille,
652 553 697 588 ut
743 562 793 588 ex
833 549 1198 600 praescriptionibus
1251 553 1409 601 apparet
1455 546 1561 598 (,,ἐπὶ

148 615 449 664 Θεμιστοκλέους
490 612 716 664 ἅρχωντοςἻ,
759 615 807 653 ad
852 627 999 653 annum
1044 613 1166 667 347]ss
1205 615 1446 653 revocandus
1485 618 1560 663 est;

147 682 282 730 paucis
311 681 423 718 annis
451 683 538 729 post
566 680 777 718 orationem
804 680 847 717 in
874 678 1062 717 Neaeram
1089 679 1259 718 habitam
1287 691 1371 717 esse
1401 682 1560 718 constat.

144 744 251 793 Tum,
279 745 321 782 id
363 744 467 793 quod
505 744 668 781 maximi
706 744 893 782 momenti
927 747 999 789 est,
1039 745 1081 781 in
1115 745 1288 782 oratione
1315 744 1400 794 ipsa
1429 745 1451 791 ἓ
1484 745 1558 781 121

146 820 248 846 unus
283 820 305 846 e
331 808 423 845 filiis
452 807 637 858 Stephani
664 804 919 858 Ἀντιδωρίδης
946 811 1122 856 vocatur3
1166 809 1199 846 is
1226 809 1347 858 igitur
1373 810 1465 845 noto
1493 807 1561 845 illo

145 883 251 909 more
279 883 421 909 nomen
451 872 498 909 ab
527 884 599 909 avo
628 883 710 920 suc,
748 875 856 921 patre
886 871 1079 921 Stephani,
1118 873 1247 909 traxit.
1305 871 1403 909 Cum
1431 874 1561 909 autem

144 937 300 973 nomine
322 936 390 973 illo
413 931 607 986 Ἐροιάδης
629 937 916 973 accuratissime
937 936 1076 973 lacuna
1103 936 1207 973 tituli
1230 936 1445 985 expleatur,
1473 946 1560 973 mea

145 1000 338 1037 sententia
365 1011 443 1036 non
471 1000 548 1037 iam
577 999 740 1037 dubitari
768 1003 908 1049 potest,
938 1001 1033 1049 quin
1060 1001 1102 1038 in
1130 1001 1348 1038 testimonio
1376 1003 1479 1038 recte
1507 1000 1562 1037 ita

146 1064 336 1113 scriptum
364 1064 421 1100 sit.
435 1064 464 1114 1)
731 1095 734 1097 .

252 1126 303 1165 Et
329 1128 371 1164 in
400 1128 473 1165 hoc
501 1129 716 1165 testimonio
741 1131 777 1165 et
799 1129 839 1165 in
861 1130 1091 1167 testimoniis
1115 1130 1137 1177 ξ
1161 1131 1224 1177 25,
1248 1131 1311 1176 28,
1335 1129 1398 1177 32,
1421 1130 1485 1177 34,
1508 1130 1558 1165 47

145 1193 293 1230 nomini
329 1191 501 1229 Neaerae
539 1191 657 1229 verba
698 1188 722 1242 ἡ
756 1192 838 1228 νυνὶ
878 1188 1127 1243 ἀγωνιζομένη
1162 1194 1290 1230 addita
1328 1193 1560 1230 invenimus.

146 1255 261 1293 Unde
284 1255 625 1293 Westermannum
653 1268 738 1306 pag.
763 1257 813 1294 65
842 1260 945 1295 recte
973 1259 1142 1307 coegisse
1170 1258 1361 1305 existimo,
1389 1257 1484 1294 haec
1512 1256 1559 1294 ab

143 1320 280 1358 eodem
309 1331 391 1358 esse
419 1321 570 1370 scripta.
627 1320 818 1365 Quoniam
848 1324 979 1359 autem
1013 1322 1128 1359 huius
1157 1321 1368 1359 testimonii
1396 1321 1561 1358 auctori-

143 1387 261 1423 tatem
292 1385 503 1422 certissimo
532 1389 757 1434 argumento
785 1385 932 1423 firmari
959 1386 1141 1433 vidimus,
1170 1387 1317 1433 ceteris,
1347 1397 1447 1434 quae
1477 1385 1560 1422 dixi

146 1448 386 1497 testimoniis,
414 1449 491 1485 iam
520 1448 596 1485 illis
624 1448 751 1486 verbis
780 1460 859 1486 non
887 1461 1005 1499 parva
1031 1449 1127 1487 fides
1156 1449 1391 1488 conciliatur.

502 1547 537 1581 7.
565 1544 623 1592 De
653 1546 870 1583 testimonio
898 1559 932 1595 p.
966 1547 1065 1584 1361
1099 1547 1121 1594 ξ
1150 1548 1211 1583 47.

251 1605 423 1657 Σάτυρος
473 1604 756 1660 Ἀλωπεκῆθεν,
816 1612 982 1659 Σαυρίας
1032 1607 1290 1659 Λαμπτρεύς,
1355 1611 1561 1657 Διογείτων

146 1670 342 1723 Ἀχαρνεύς
368 1676 605 1723 μαρτυροῦσι
633 1671 832 1718 διαλλάξαι
853 1675 1043 1725 διαιτηταὶ
1064 1671 1260 1722 γενόμενοι
1278 1675 1371 1723 περὶ
1389 1674 1561 1722 Νεαίρας

144 1739 211 1789 τῆς
239 1737 321 1775 νυνὶ
345 1733 615 1790 ἀγωνιζομένης
637 1741 835 1788 Στέφανον
861 1739 925 1776 καὶ
956 1741 1166 1789 Φρυνίωνα.
1195 1736 1264 1782 τοῖς
1287 1739 1328 1777 δὲ
1357 1735 1561 1786 διαλλαγὰς

145 1797 254 1850 εἶναι,
283 1798 377 1840 καθ’
406 1799 450 1845 ἇς
478 1800 692 1854 διήλλαξαν,
716 1802 799 1846 οἵας
826 1806 1036 1853 παρέχεται
1064 1799 1348 1853 Ἀπολλόδωρος.

744 1899 966 1946 Διαλλαγαί.

252 1961 364 2001 Κατὰ
399 1960 493 1999 τάδε
537 1959 742 2013 διήλλαξαν
785 1966 985 2012 Φρυνίωνα
1029 1964 1093 2000 καὶ
1134 1967 1347 2012 Στέφανον,
1395 1963 1560 2014 χρῆσθαι

144 2024 326 2077 ἑκάτερον
348 2026 501 2077 Νεαίρᾳ
520 2025 590 2070 τὰς
612 2026 694 2070 ἴσας
717 2023 859 2078 ἡμέρας
881 2031 951 2065 τοῦ
972 2026 1091 2078 μηνὸς
1117 2023 1200 2076 παῤ
1219 2027 1369 2070 ἑαυτοῖς
1394 2025 1559 2073 ἔχοντας,

146 2089 196 2129 ἂν
222 2088 281 2142 μή
306 2104 344 2128 τι
372 2088 464 2128 ἄλλο
494 2087 605 2129 αὐτοὶ
634 2087 763 2134 αὑτοῖς
791 2089 1079 2143 συγχωρήσωσιν.

253 2156 426 2205 Phrynio
455 2155 692 2207 Stephanum
714 2158 756 2194 in
782 2156 973 2194 iudicium
1000 2160 1218 2205 vocaverat,
1252 2158 1421 2207 primum
1457 2155 1559 2205 quod

147 2222 289 2259 iniuria
316 2220 504 2259 Neaeram
532 2222 574 2258 in
596 2221 811 2258 libertatem
833 2221 1115 2270 vindicavisset,
1138 2224 1220 2259 tum
1246 2222 1350 2271 quod
1373 2219 1561 2258 nonnulla

144 2287 344 2334 retineret,
384 2296 483 2335 quae
521 2286 589 2323 illa
631 2286 795 2324 Athenis
831 2286 981 2336 fugiens
1014 2297 1035 2323 e
1069 2286 1183 2324 domo
1224 2299 1294 2324 sua
1328 2286 1559 2324 abstulisset.

146 2351 296 2388 Amicis
330 2353 459 2387 autem
498 2350 731 2399 quibusdam
770 2350 991 2388 auctoribus
1032 2362 1147 2388 causa
1181 2351 1230 2388 ad
1265 2356 1342 2388 tres
1377 2350 1560 2387 diaetetas

146 2415 315 2464 privatos
344 2414 469 2451 delata
496 2417 563 2451 est.

256 2542 280 2582 ¹)
304 2541 366 2574 cfr.
390 2541 617 2583 Dittenberger
639 2541 768 2584 Sylloge
791 2541 1039 2583 inscriptionum
1062 2541 1235 2574 atticarum
1259 2551 1333 2583 pag.
1353 2543 1414 2574 168
1431 2550 1505 2574 anu.
