1709 2851
742 94 980 130 -2-

149 201 274 239 larum
308 198 580 237 Demosthenis
619 198 666 235 de
701 209 842 235 corona
882 200 1066 238 orationis
1105 198 1331 237 defenderat.
1347 196 1377 247 ¹)
1431 201 1561 240 Denuo

148 267 252 302 mota
275 266 331 302 est
355 262 539 312 quaestio,
555 273 645 299 cum
669 274 719 299 ex
743 261 894 300 duabus
916 263 1149 312 quibusdam
1168 261 1495 313 inscriptionibus,
1516 266 1563 304 de

150 327 295 377 quibus
307 325 567 365 Kirchhoffius
578 327 606 372 ²)
629 330 665 364 et
677 325 845 363 Koehler
853 326 880 373 ³)
905 325 1208 376 disputaverunt,
1225 325 1336 376 plane
1356 335 1562 377 appareret,

150 395 188 429 ot
215 392 418 429 nominum
448 390 641 436 catalogos
668 389 885 427 Andocidis
914 391 1078 429 orationi
1107 391 1155 429 de
1182 389 1373 438 mysteriis
1400 390 1562 431 insertos

149 456 344 505 genuinos
373 466 456 493 esse
484 458 521 492 et
549 465 648 504 quae
675 454 811 492 insunt
837 454 879 491 in
906 453 1002 504 legis
1031 456 1230 494 cuiusdam
1257 453 1436 502 formula,
1466 468 1563 505 quae

149 523 277 558 exstat
303 520 345 557 in
368 518 642 557 Demosthenis
659 517 900 567 M-aeartatea,
927 522 1031 557 recte
1054 531 1095 557 se
1117 520 1265 558 habere.
1311 516 1395 562 Quo
1418 517 1562 558 factum

149 587 216 632 est,
249 587 304 626 ut,
321 584 620 633 intellegeretur,
647 586 848 632 propterea
876 583 1012 630 solum,
1042 584 1145 632 quod
1172 583 1364 621 nonnullis
1391 582 1563 621 formulis

149 648 233 685 sine
262 646 377 685 dubio
406 646 501 684 fides
530 658 608 683 non
635 645 812 684 habenda
839 649 907 694 est,
935 646 1096 685 minime
1130 648 1243 686 licere
1271 647 1317 684 de
1340 647 1563 686 auctoritate

149 715 362 750 ceterarum
391 712 564 750 omnium
594 710 781 749 dubitare.

256 777 388 826 Atque
423 775 590 826 profecto
623 774 953 823 Wachholtzius4)
986 775 1101 812 titulo
1129 776 1215 825 illo,
1256 787 1368 825 quem
1397 774 1564 814 Koehler

149 841 337 891 sagaciter
382 840 645 891 suppleverat,
694 839 742 877 ad
781 838 968 877 formulas
1007 839 1192 878 orationis
1231 841 1273 878 in
1311 839 1563 879 Macartatum

147 904 302 942 habitae
329 904 609 954 percensendas
637 904 829 941 adductus
863 915 927 941 eas
954 904 1143 953 genuinas
1171 916 1254 943 esse
1283 905 1562 952 demonstravit,

148 971 186 1005 et
212 968 317 1006 idem
351 967 387 1006 J.
416 968 460 1008 E.
489 968 680 1007 Kirehner
692 968 721 1015 5)
750 967 796 1006 de
822 967 901 1005 illis
930 967 1078 1017 docuit,
1120 980 1218 1018 quae
1257 969 1300 1007 in
1328 968 1563 1007 orationibus

148 1032 336 1071 adversus
351 1033 551 1071 Lacritum
575 1036 612 1071 et
620 1034 748 1083 priore
772 1033 958 1070 adversus
978 1031 1217 1082 Stephanum
1239 1033 1380 1071 habitis
1402 1035 1563 1070 exstant.

255 1095 394 1147 Neque
434 1098 557 1148 magis
592 1108 678 1136 mea
715 1097 906 1136 sententia
942 1095 1201 1135 dubitandum
1230 1101 1297 1147 est,
1338 1097 1432 1147 quin
1459 1097 1564 1135 testi—

148 1162 289 1209 monia,
310 1161 423 1211 leges,
447 1166 594 1199 ceterae
612 1162 801 1199 formulae
815 1160 1306 1199 Pseudo-Demosthenicae
1325 1163 1367 1198 in
1379 1161 1563 1198 Neaeram

146 1226 350 1275 orationis,
389 1237 439 1264 ex
476 1225 619 1276 quibus
658 1237 738 1264 non
765 1237 889 1276 pauca
917 1225 965 1264 ad
993 1225 1292 1264 Atheniensium
1322 1226 1564 1275 antiquitates

144 1290 427 1340 intellegendas
472 1291 620 1328 hauriri
659 1294 839 1340 possunt,
886 1291 1058 1339 genuina
1100 1291 1189 1329 sint.
1255 1290 1448 1339 Equidem
1485 1302 1564 1327 non

144 1354 271 1392 solum
312 1354 577 1403 difficultates,
616 1354 840 1404 inquibus
873 1355 947 1392 viri
985 1355 1089 1393 docti
1130 1354 1388 1402 offenderunt,
1427 1354 1460 1391 si
1486 1365 1565 1391 non

145 1430 295 1466 omnes,
324 1422 364 1456 at
392 1422 493 1456 certe
521 1419 732 1456 maximam
760 1422 907 1468 partem
935 1419 1036 1466 tolli,
1064 1419 1132 1456 sed
1161 1420 1276 1456 etiam
1304 1418 1490 1455 nonnulla
1518 1419 1566 1455 ad

144 1482 400 1521 formularum
428 1481 545 1521 fidem
574 1482 792 1533 augendam
821 1483 946 1521 afferri
973 1494 1084 1534 posse
1107 1478 1339 1533 putaverim.

254 1546 366 1593 Quod
395 1535 442 1585 a‘d
472 1548 662 1598 originem
689 1547 943 1585 formularum
971 1549 1123 1596 attinet,
1161 1559 1293 1585 omnes
1327 1549 1394 1584 aut
1420 1546 1563 1584 falsarii

254 1717 277 1757 ¹)
300 1718 361 1749 Die
377 1718 529 1750 Echtheit
552 1719 608 1750 der
622 1718 806 1751 Urkunden>
825 1719 858 1749 in
881 1719 938 1750 des
956 1717 1199 1750 Demosthenes'
1224 1717 1312 1749 Rede
1334 1727 1411 1749 vom
1427 1716 1562 1750 Kranze.

144 1769 346 1803 ancofurt.
370 1780 397 1803 a.
422 1771 466 1803 M.
496 1774 515 1803 4
539 1781 643 1812 progr.
670 1774 891 1804 1841—1844.
936 1771 1102 1812 Nachtrag
1135 1782 1177 1803 zu
1208 1771 1270 1803 den
1301 1769 1562 1811 Abhandlungen

144 1823 225 1855 iiber
249 1823 301 1855 die
324 1823 478 1855 Eehtheit
502 1825 560 1856 der
580 1824 759 1857 Urkunden
784 1825 836 1856 bei
858 1825 1094 1856 Demosthenes
1120 1827 1212 1857 1845.

254 1876 280 1917 ³)
304 1877 406 1908 Jahns
429 1877 643 1917 Jahrbiicher,
667 1878 731 1910 vol.
755 1881 793 1910 81
819 1887 889 1919 pag.
914 1881 977 1910 238
999 1887 1068 1918 sqq.

252 1930 528 1963 Monatsberichte
551 1931 608 1963 der
629 1931 778 1964 Berliner
799 1932 976 1964 Akademie
1002 1935 1093 1973 1865,
1117 1941 1188 1977 pag.
1214 1934 1273 1964 541
1298 1940 1368 1972 sqq.

253 1985 279 2024 ⁸)
302 1984 441 2016 Hermes
463 1985 507 2023 11,
530 1995 600 2026 pag.
626 1988 665 2017 27
689 1996 759 2026 sqq.

251 2038 279 2079 ⁴)
302 2037 350 2070 De
392 2037 461 2070 litis
503 2038 727 2071 instrumentis
766 2039 800 2071 in
840 2039 1069 2072 Demosthenis
1103 2050 1186 2081 quae
1220 2039 1324 2071 fertur
1356 2038 1495 2071 oratione
1528 2038 1562 2071 in

144 2092 359 2124 Macartatum
383 2093 461 2124 diss.
485 2092 642 2125 Kiliensis
668 2096 760 2125 1878.

251 2146 277 2187 ⁵)
301 2146 350 2178 De
372 2145 440 2178 litis
463 2146 703 2187 instrumentis,
732 2155 815 2187 quae
838 2148 971 2178 exstant
992 2147 1026 2178 in
1049 2145 1277 2180 Demosthenis
1300 2154 1382 2186 quae
1404 2145 1506 2178 fertur
1526 2145 1562 2177 in

142 2199 311 2231 Lacritum
345 2201 378 2231 et
410 2200 514 2240 priore
537 2200 695 2232 adversus
719 2199 920 2240 Stephanum
943 2201 1151 2238 orationibus.
1194 2200 1270 2232 diss.
1294 2198 1443 2235 Halensis
1468 2202 1560 2232 1883.

142 2253 306 2284 Nonnulla
327 2253 458 2293 quidem
472 2253 505 2283 in
521 2253 582 2284 hac
598 2253 867 2284 commentatione
883 2252 1023 2294 Seeliger
1036 2253 1293 2295 Philologischer
1307 2252 1466 2293 Anzeiger
1479 2252 1561 2285 XIV

143 2316 172 2347 p.
197 2308 260 2339 385
284 2315 353 2348 sqq.
382 2307 469 2338 recte
492 2306 738 2347 reprehendisse
772 2306 852 2338 mihi
880 2306 1026 2347 videtur3
1054 2307 1112 2340 sed
1141 2314 1305 2339 summam
1327 2315 1451 2347 rerum,
1481 2316 1561 2348 quas

143 2359 304 2391 Kirchner
326 2360 485 2400 exposuit,
509 2370 574 2391 non
595 2360 630 2391 in
652 2360 787 2391 dubium
810 2360 985 2391 vocandam
1009 2370 1081 2392 esse
1105 2362 1193 2401 puto,
1221 2359 1411 2400 praesertim
1433 2370 1507 2392 cum
1531 2360 1561 2392 is

142 2412 261 2447 Rhein.
284 2412 437 2445 Museum
459 2413 622 2452 XXXIX,
646 2424 675 2455 p.
700 2415 763 2445 309
787 2422 834 2454 sq.
858 2414 1051 2454 ostenderit,
1081 2415 1208 2455 praeter
1229 2411 1288 2444 illa
1309 2413 1455 2455 nomina,
1478 2423 1560 2456 quae

142 2467 209 2499 iam
231 2467 266 2498 in
289 2467 515 2500 dissertatione
538 2468 658 2508 attulit,
682 2468 746 2499 duo
769 2467 840 2508 alia,
874 2477 956 2508 quae
978 2468 1013 2499 in
1035 2467 1184 2500 formulis
1207 2467 1428 2508 inveniuntur,
1451 2467 1558 2499 titulis

141 2520 341 2560 quibusdam
362 2530 467 2561 nuper
488 2521 624 2561 repertis
647 2520 766 2552 fulciri.
