1709 2851
718 164 979 202 -11—

146 283 238 309 nam
264 271 359 310 haec
398 271 525 321 verba,
565 283 662 322 quae
700 272 785 321 ipsa
823 271 886 309 vel
925 271 1066 321 quibus
1094 271 1288 310 simillima
1315 274 1404 309 ante
1431 273 1562 309 omnia.

147 335 366 374 testimonia
409 337 535 387 posita
579 336 804 386 reperimus,
843 336 1008 374 usitatae
1055 339 1204 374 tantum
1249 335 1437 373 formulae
1480 336 1561 373 vim

146 399 298 447 habent.

251 463 381 503 Verba
410 469 585 504 extrema
622 465 686 502 καὶ
722 463 909 506 καταθεὶς
947 461 994 501 τὸ
1025 460 1204 514 ἀργύριον
1242 462 1362 515 ᾤχετο
1400 460 1562 512 ἀπάγων

144 523 322 579 Ἀθήναζε
366 532 557 579 Νέαιραν,
596 540 695 579 quae
730 528 1049 567 Westermannus
1087 532 1133 567 ut
1171 540 1452 579 supervacanea
1489 531 1560 567 im-

144 593 291 644 probat,
327 595 368 633 in
396 594 614 632 testimonio
647 594 832 644 inscripta
869 593 989 631 fuisse
1017 604 1068 631 ex
1095 592 1361 643 sequentibus:
1399 590 1559 642 „inpud-

143 669 259 706 μενος
285 660 415 696 τοίνυν
442 658 555 707 δεῦρο
584 655 700 705 ἔχωνιι
729 661 798 697 etc.
827 658 1006 696 concludi
1028 660 1163 707 potest,
1193 669 1292 706 quae
1322 670 1398 707 quo
1427 658 1560 696 ordine

143 722 328 761 collocata
355 724 491 768 essent,
518 722 580 760 vir
603 721 736 761 doctus
759 722 944 773 neglexit3
975 733 1026 760 ex
1053 733 1098 760 eo
1127 722 1230 760 enim
1257 733 1343 760 mea
1371 723 1561 760 sententia

144 790 318 836 apparet,
351 788 429 824 iam
469 790 582 825 antea
626 787 773 825 dietum
811 787 948 835 fuisse,
988 786 1251 835 Phrynionem
1286 797 1375 824 eum
1410 785 1560 824 Neaera

144 849 328 888 Corintho
356 851 577 889 excessisse.
636 850 825 896 Quoniam
860 854 989 889 autem
1018 853 1146 889 orator
1179 850 1221 888 id
1248 862 1298 888 ne
1325 850 1443 890 verbo
1472 851 1558 900 qui-

143 914 231 952 dem
267 917 289 962 ξ
313 917 364 953 32
404 917 731 964 commemoravit,
760 916 782 964 ξ
811 917 861 953 33
891 927 970 953 non
997 916 1051 952 ita
1077 926 1235 964 pergere
1273 918 1436 964 poterat,
1481 916 1558 952 nisi

143 978 293 1016 iudices
320 979 361 1016 id
390 990 439 1016 ex
467 980 683 1018 testimonio
706 980 864 1018 recitato
894 979 1142 1017 audivissent.

251 1042 363 1089 Quod
390 1045 431 1082 in
461 1045 678 1083 testimonio
706 1046 855 1082 nomini
891 1044 1130 1095 Phrynionis
1164 1056 1310 1081 nomen
1337 1044 1463 1080 fratris
1492 1044 1558 1081 ad-

143 1107 268 1144 ditum
298 1110 408 1155 esset,
436 1119 515 1145 non
544 1109 628 1146 iure
650 1107 890 1158 reprehendi,
917 1108 996 1145 iam
1018 1119 1104 1158 pag.
1129 1107 1152 1145 6
1177 1107 1349 1158 exposui.
1389 1107 1557 1147 Wester-

142 1183 307 1210 mannus
336 1176 465 1211 autem
494 1173 662 1210 dubitari
689 1185 801 1222 posse
835 1175 1008 1220 annotat,
1047 1184 1143 1209 num
1181 1184 1223 1209 re
1251 1183 1343 1209 vera
1382 1172 1556 1220 Phrynio

142 1235 259 1273 frater
296 1235 545 1274 Democharis
582 1236 706 1275 fuerit.
777 1235 896 1287 Apud
931 1235 1178 1273 Athenaeum
1218 1236 1321 1273 enim
1348 1235 1413 1274 lib.
1453 1234 1557 1274 XIII

142 1313 234 1373 pag.
257 1302 294 1338 5
285 1302 333 1339 ³3
362 1301 384 1338 f.
407 1302 508 1339 inter
528 1301 698 1339 Neaerae
726 1304 914 1339 amatores
941 1303 1103 1337 vocatur
1132 1302 1308 1348 Φρυνίων
1338 1298 1557 1349 Παιανιεύς,

142 1361 184 1407 εἰς
212 1364 258 1415 ἦν
290 1361 476 1415 Δημωνος
508 1363 581 1412 μὲν
609 1362 698 1411 υἱὸς,
727 1361 979 1415 Δημοχαρους
1012 1363 1054 1401 δε
1093 1358 1330 1412 ἀδελφιδοῦς.
1396 1364 1558 1402 Etiamsi

142 1433 246 1467 recte
273 1429 499 1467 Athenaeus
537 1441 627 1467 eum
655 1430 709 1467 ita
737 1429 1018 1479 appellavisset,
1056 1432 1185 1466 tamen
1222 1428 1263 1466 id
1291 1432 1425 1467 contra
1452 1430 1557 1467 testi-

142 1494 266 1532 monii
292 1494 405 1532 fidem
433 1505 513 1532 non
534 1497 782 1544 repugnaret3
813 1494 947 1532 eodem
975 1494 1080 1531 enim
1107 1494 1191 1531 iure
1215 1493 1395 1531 contendi
1422 1497 1557 1543 potest,

142 1558 195 1607 id,
224 1558 327 1609 quod
366 1560 389 1607 ξ
419 1559 470 1597 30
498 1558 593 1597 falso
621 1556 808 1609 seriptum
836 1561 932 1607 erat,
965 1558 1008 1595 in
1044 1558 1307 1596 testimonium
1347 1570 1502 1608 quoque
1536 1571 1559 1596 a

147 1623 271 1660 scriba
292 1626 490 1672 receptum
519 1634 611 1672 esse,
641 1634 717 1673 quo
740 1622 1060 1661 Westermannus
1082 1622 1177 1670 vult,
1204 1621 1245 1659 id
1268 1632 1318 1660 ex
1341 1623 1558 1660 testimonio

144 1687 385 1738 negligenter
407 1688 617 1737 composito
644 1688 687 1725 in
710 1688 893 1725 orationis
915 1686 1066 1725 textum
1087 1688 1294 1736 irrepsisse.
1335 1686 1411 1724 Sed
1438 1687 1559 1725 Athe-

145 1752 233 1788 naei
260 1751 318 1787 illi
344 1751 427 1788 loco
456 1762 534 1787 non
563 1754 669 1789 tanta
696 1752 902 1801 auctoritas
931 1750 1133 1788 tribuenda
1172 1753 1238 1789 est.
1304 1750 1559 1801 ,Inspicientes

145 1815 250 1854 enim
290 1814 458 1867 singula,
498 1827 597 1866 quae
635 1815 692 1854 ibi
730 1820 876 1865 narrat,
914 1817 956 1854 in
993 1815 1126 1854 multis
1165 1815 1403 1853 offendimus.
1469 1815 1558 1854 Jam

142 1880 330 1928 Taylorus
358 1880 406 1917 ad
435 1881 646 1918 orationem
674 1893 757 1930 pag.
790 1882 890 1919 1351
921 1893 956 1919 v.
976 1882 1002 1918 4
1030 1881 1246 1918 annotavit:
1277 1868 1421 1929 „Paulo
1450 1880 1561 1918 aliter

145 1945 381 1993 Athenaeus,
409 1945 559 1994 partim,
586 1948 632 1983 ut
658 1945 821 1994 videtur,
849 1957 931 1993 su0‚
958 1946 1096 1995 partim
1125 1945 1405 1997 exemplarium
1432 1946 1559 1982 vitio.“

144 2008 276 2059 Ipsius
289 2009 480 2046 Athenaei
508 2009 627 2046 errori
643 2010 739 2048 >sine
763 2009 880 2047 dubio
893 2010 970 2047 duo
994 2009 1238 2047 attribuenda
1260 2012 1362 2055 sunt,
1389 2010 1559 2060 primum

146 2072 250 2123 quod
288 2073 471 2124 legimus:
511 2076 707 2125 Νικαρέτη
742 2073 783 2112 δὲ
822 2069 845 2125 ἡ
885 2073 1020 2123 ἑταίρα
1059 2071 1230 2124 ἐρωμένη
1275 2064 1322 2123 ἦν
1358 2070 1560 2122 Στεφάνου

144 2138 216 2175 τοῦ
244 2133 412 2187 ῥήτορος.
461 2137 570 2175 Nihil
593 2138 781 2176 eiusmodi
808 2139 851 2175 in
880 2139 1051 2176 oratione
1072 2138 1295 2175 invenimus
1315 2149 1442 2187 neque
1470 2149 1559 2177 cum

146 2201 310 2251 Tayloro
338 2204 490 2252 Νέαιρα
503 2213 571 2252 pro
582 2204 777 2253 Νικαρέτη
805 2202 1053 2241 scribendum
1082 2214 1166 2241 esse
1195 2200 1559 2253 Schweighaeusero

147 2267 225 2315 (cfr.
254 2267 462 2305 Animadv.
490 2268 531 2304 in
569 2266 654 2306 libr
683 2267 784 2304 XIII
819 2279 903 2317 pag.
933 2267 1028 2316 207)
1067 2268 1273 2312 assentior3
1313 2278 1405 2304 nam
1443 2267 1559 2316 paulo

145 2334 232 2381 post
271 2329 476 2368 Nicareten
516 2343 539 2369 a
571 2330 719 2369 Neaera
758 2331 943 2382 distingui
977 2331 1172 2370 videmus:
1213 2341 1330 2382 ,,τσαν
1366 2330 1407 2368 δὲ
1446 2327 1560 2368 αὗται

147 2396 212 2443 (sc.
235 2398 431 2445 Νικαρέτη
453 2396 518 2432 καὶ
535 2393 777 2444 Μετανειρα)
797 2395 931 2433 δοῦλαι
944 2398 1090 2434 Κασιου
1112 2394 1215 2443 μετὰ
1240 2425 1247 2432 .
1267 2425 1274 2433 .
1317 2397 1558 2444 .Νεαίρας“.

145 2458 285 2510 Neque
324 2459 446 2509 magis
483 2463 586 2498 recte
613 2461 696 2510 ipse
737 2459 1231 2510 Schweighaeuser·verba
1268 2424 1456 2497 Athenaei
1495 2459 1560 2497 de-

144 2523 288 2568 fendit..
318 2523 492 2562 Fortasse
516 2523 672 2572 quidem
693 2523 873 2562 Nicarete
894 2524 1050 2562 iuvenis
1074 2528 1278 2574 quaestum
1299 2524 1560 2562 meretricium

146 2587 253 2638 fecit;
291 2587 357 2626 sed
387 2587 489 2638 quod
527 2588 589 2625 vir
624 2588 762 2627 doctus
791 2588 900 2627 dicit:
941 2586 1108 2638 „Quidni
1145 2589 1312 2639 primum
1339 2588 1464 2639 ipsam
1491 2587 1561 2627 Ni-
