1709 2851
698 146 934 181 -7-

216 250 332 289 Pater
358 251 582 289 Philostrati
609 251 653 288 in
686 250 902 289 testimonio
939 249 1152 299 Dionysius
1189 254 1366 300 vocatur,
1405 261 1521 301 quem

109 314 266 354 aliunde
287 327 366 354 non
389 317 579 355 novimus.
608 314 828 354 Boeckhius
850 318 979 353 autem
1001 327 1052 354 ex
1071 316 1321 366 inscriptione
1343 315 1521 365 quadam,

109 379 157 418 de
186 391 262 430 qua
290 381 460 432 disputat
486 381 528 417 in
555 379 673 428 libro,
714 380 781 429 qui
819 379 1046 418 inscribitur
1079 379 1298 418 Urkunden
1325 379 1425 418 iiber
1452 379 1520 418 das

108 445 269 484 attische
297 444 498 484 Seewesen
525 456 560 494 p.
585 445 674 493 391,
703 443 803 482 effici
830 447 949 494 putat,
976 447 1078 483 recte
1105 444 1203 482 fflud
1231 445 1350 494 patris
1377 456 1519 482 nomen

107 520 189 547 esse
217 510 402 548 additum.
457 507 658 545 Habemus
685 508 727 545 in
754 507 819 545 illo
847 508 958 546 titulo
988 508 1066 557 (cfr.
1096 507 1134 546 C.
1164 508 1200 546 J.
1230 509 1276 546 A.
1305 507 1346 546 II
1375 509 1451 547 803
1479 508 1518 557 f.)

106 575 263 612 nomina
285 574 452 612 duorum
472 573 655 620 virorum,
680 573 747 621 qui
770 572 1067 610 trierarchorum
1091 584 1253 611 munere
1271 572 1395 610 functi
1410 576 1516 610 sunt:

105 639 393 677 ΔΙΟΝΥΣΙΟΣ
418 668 426 676 .
451 666 458 674 .
493 638 564 674 ΛΩ
590 665 729 676 .....
765 638 802 673 et
829 637 1004 685 proxime
1033 648 1121 675 eum
1152 638 1523 675 ΦΙΛΟΣΤΡΑΤΟΣ

106 734 113 742 .
140 705 214 741 ΟΛ
237 731 407 741 ......
431 701 478 739 In
501 701 710 751 posteriore
731 701 889 738 nomine
905 701 1163 751 supplendum
1182 713 1265 739 esse
1286 700 1520 751 Κολωνῆθεν

108 767 297 818 illumque
344 767 471 817 ipsum
521 765 798 804 Philostratum
847 769 981 805 contra
1020 765 1210 805 Neaeram
1256 766 1518 804 testimonium

105 832 252 870 dixisse
279 831 598 869 Westermannus
626 831 811 869 concedit.
866 831 1004 881 Neque
1032 832 1161 869 minus
1188 834 1291 868 recte
1318 842 1404 868 mea
1432 841 1517 868 sen-

104 897 225 936 tentia
252 895 472 934 Boeckhius
501 895 614 932 etiam
641 895 791 932 nomini
818 893 1009 944 Dionysii,
1039 895 1143 945 quod
1171 896 1213 933 in
1241 895 1353 933 titulo
1382 897 1517 942 exstat,

105 960 339 999 demoticum
365 958 600 1009 Κολωνῆθεν
622 959 805 1008 ascripsit,
835 970 925 997 cum
945 960 1054 997 nullo
1071 959 1146 997 alio
1171 959 1359 997 demotico
1379 959 1518 996 lacuna

103 1025 206 1062 tituli
245 1028 323 1062 tam
364 1027 541 1061 accurate
578 1024 788 1072 expleatur.
850 1023 974 1061 Maior
1014 1025 1117 1062 enim
1156 1027 1213 1062 est
1251 1024 1392 1061 lacuna
1431 1026 1517 1072 post

105 1092 247 1126 no'men
275 1086 464 1136 Dionysii,
495 1098 610 1137 quam
638 1090 682 1124 ut
710 1087 944 1126 demoticum
968 1083 1197 1130 Πλωθειεύς
1226 1087 1289 1125 vel
1309 1083 1514 1137 Ἀλωπεκῆ-

105 1154 189 1199 θεν,
219 1152 266 1191 de
295 1152 436 1202 quibus
464 1152 783 1190 Westermannus
812 1153 915 1201 dicit,
943 1154 985 1190 in
1013 1153 1125 1190 titulo
1153 1153 1273 1190 fuisse
1300 1153 1429 1202 possit.
1469 1151 1515 1188 Id

103 1220 232 1255 autem
259 1220 363 1255 recte
393 1217 452 1254 vir
479 1216 722 1255 doctissimus
751 1220 899 1265 monet,
936 1217 1043 1254 nulla
1070 1228 1112 1255 re
1138 1228 1209 1254 nos
1238 1217 1381 1265 doceri,
1418 1216 1515 1253 duos

101 1281 188 1320 illos
200 1282 314 1330 viros,
334 1281 401 1331 qui
419 1282 461 1319 in
481 1281 593 1319 titulo
610 1285 810 1331 vocantur,
828 1282 1111 1332 propinquitate
1124 1283 1225 1320 inter
1237 1293 1278 1320 se
1290 1282 1516 1319 coniunctos

102 1345 232 1383 fuisse.
271 1345 356 1390 Qua
384 1346 431 1382 de
459 1357 577 1383 causa
603 1347 764 1383 nomina
784 1346 888 1383 tituli
911 1350 1012 1383 certo
1035 1349 1263 1395 argumento
1282 1346 1332 1382 ad
1351 1346 1515 1382 auctori-

102 1412 218 1447 tatem
245 1410 454 1447 testimonii
481 1409 666 1447 tuendam
687 1421 769 1448 esse
791 1422 870 1447 non
892 1414 1064 1459 possunt.
1102 1409 1203 1447 Nam
1224 1403 1328 1459 'quod
1348 1409 1515 1446 Wester-

102 1485 268 1511 mannus
297 1473 405 1522 dicit,
432 1484 500 1523 per
526 1476 678 1523 tempus
707 1474 864 1511 omnino
892 1485 972 1511 non
998 1473 1117 1511 licere
1144 1472 1377 1520 Dionysium
1404 1472 1516 1510 illum

101 1538 324 1576 Philostrati
351 1541 497 1588 patrem
527 1538 760 1582 existimare,
788 1551 869 1576 non
896 1538 1026 1589 probo,
1054 1550 1142 1576 cum
1165 1539 1207 1575 in
1230 1538 1514 1588 computatione

103 1604 185 1639 eius
213 1602 403 1639 nonnulla
438 1603 595 1639 incertis
627 1603 859 1640 coniecturis
885 1603 1067 1639 nitantur.
1123 1602 1169 1639 Id
1198 1602 1325 1639 solum
1354 1604 1514 1649 constat,

103 1678 202 1704 anno
241 1666 510 1704 trecentesimo
558 1667 835 1717 septuagesimo
879 1670 1032 1716 quarto,
1080 1665 1277 1704 Socratide
1321 1666 1514 1714 archonte,

103 1731 290 1768 Neaeram
318 1741 407 1767 cum
435 1730 659 1778 Phrynione
687 1733 856 1768 amatore
884 1731 1062 1782 convivio
1087 1742 1110 1767 a
1133 1729 1296 1767 Chabria
1311 1728 1515 1779 magnifice

103 1797 320 1845 comparato
341 1794 560 1832 interfuisse
582 1794 664 1844 (cfr.
689 1796 711 1842 ξ
735 1792 814 1846 33).
855 1793 940 1840 Quo
961 1793 1210 1832 fundamento
1229 1794 1328 1831 iacto
1345 1794 1514 1844 primum

102 1870 350 1908 quaeramuS,
390 1862 579 1908 quantum
616 1859 797 1908 temporis
832 1859 982 1896 intersit
1019 1859 1120 1895 inter
1153 1858 1260 1895 hunc
1295 1870 1442 1896 annum
1477 1862 1515 1896 et

101 1934 206 1971 eum,
236 1933 312 1972 quo
340 1921 488 1960 Neaera
509 1922 689 1961 Nicareta
709 1934 753 1961 ac
776 1922 966 1961 Metanira
989 1921 1194 1960 comitibus
1216 1922 1390 1960 Athenas
1408 1923 1515 1961 venit

101 1986 180 2029 (cfr.
209 1987 231 2034 ξ
263 1987 340 2038 22).
382 1986 610 2036 Spengelius
639 1998 807 2035 eumque
836 1987 904 2036 qui
931 1988 1108 2035 sequitur
1136 1986 1254 2024 Vater
1281 1987 1362 2035 (cfr.
1391 1986 1514 2024 Jahns

100 2050 248 2088 Archiv
270 2048 334 2087 IX
355 2062 440 2100 pag.
464 2051 540 2088 194
561 2052 658 2101 sqq.)
681 2051 847 2101 spatium
869 2051 1005 2101 viginti
1026 2050 1105 2089 fere
1128 2062 1315 2088 annorum
1336 2051 1514 2088 interiec-

100 2120 197 2158 tum,
224 2125 308 2152 esse
342 2118 498 2163 putant,
538 2118 576 2152 et
606 2114 726 2152 Vater
766 2115 922 2163 quid'em
959 2116 1128 2164 primum
1170 2118 1351 2164 quattuor
1392 2126 1513 2152 annos

101 2178 290 2218 Neaeram
319 2177 420 2228 apud
443 2177 706 2227 Phrynionem
733 2178 852 2216 fuisse
880 2182 1018 2217 censet.
1065 2178 1139 2216 Sed
1167 2190 1218 2216 ex
1245 2182 1325 2216 tota
1352 2179 1513 2216 oratoris

103 2242 363 2293 explicatione
386 2245 552 2291 apparet,
576 2254 672 2291 eam,
695 2253 783 2281 cum
808 2253 940 2292 aspere
963 2245 1199 2291 tractaretur,
1222 2254 1302 2280 non
1320 2243 1376 2280 ita
1392 2242 1512 2279 multo

100 2311 187 2358 post
215 2318 333 2358 quam
367 2306 542 2344 Athenas
581 2319 669 2345 cum
698 2306 922 2355 Phrynione
950 2307 1073 2356 venit,
1108 2308 1191 2345 eius
1219 2307 1331 2345 domo
1358 2306 1513 2356 fugisse.

100 2373 230 2411 Antea
260 2370 431 2411 Corinthi
458 2370 608 2410 Neaera
634 2371 897 2410 Timanorides
926 2375 964 2410 et
990 2371 1174 2410 Eucrates
1204 2372 1265 2410 usi
1292 2374 1415 2420 erant,
1444 2371 1513 2421 qui

101 2449 185 2476 eam
215 2437 262 2476 de
288 2436 470 2475 Nicareta
504 2441 697 2484 emerant3
735 2449 871 2475 eorum
905 2449 1060 2486 quoque
1086 2448 1156 2487 per
1184 2440 1364 2486 quattuor
1391 2447 1514 2474 annos

99 2502 206 2541 illam
235 2513 385 2540 servam
411 2500 532 2539 fuisse
552 2500 671 2539 Vater
699 2501 854 2550 conicit,
881 2501 1011 2540 nescio
1041 2513 1118 2551 qua
1138 2501 1185 2539 de
1208 2512 1332 2539 causa.
1370 2498 1514 2546 Quam-

101 2578 216 2616 quam
253 2566 423 2616 denique
459 2577 509 2604 ex
542 2566 589 2614 ἐξ
624 2567 687 2614 24,
716 2567 779 2614 25,
808 2567 871 2614 26,
899 2567 961 2608 30,
993 2567 1069 2604 108
1105 2564 1285 2611 efficitur,
1323 2564 1514 2603 Neaeram
