1709 2851
264 199 497 237 Testimonio
526 200 656 249 igitur,
685 199 733 237 de
762 210 839 249 quo
868 199 982 238 nobis
1010 203 1069 238 est
1091 200 1375 250 disputandum,
1403 200 1576 249 Satyrus,

158 263 327 312 Samias,
356 262 538 313 Diogiton
567 263 769 313 affirmant,
798 264 982 303 diaetetas
1010 268 1159 303 creatos
1186 277 1228 304 se
1255 265 1514 314 Phrynionem
1540 269 1577 304 et

159 328 395 377 Stephanum
418 328 728 366 reconciliavisse
751 339 886 378 eaque,
909 339 1010 377 quae
1033 327 1237 375 διαλλαγαί
1255 329 1346 367 illae
1358 329 1406 367 ab
1419 329 1577 380 Apollo-

159 392 251 430 doro
281 392 418 430 allatae
453 393 710 441 continerent,
751 404 841 431 vera
877 404 970 431 esse.
1032 392 1139 430 Haec
1180 393 1262 431 sine
1305 394 1423 432 dubio
1459 398 1576 433 testes

156 457 230 506 ipsi
260 456 387 494 dicere
423 460 597 506 poterant
624 468 752 506 neque
780 468 935 494 necesse
959 461 1050 505 erat,
1078 452 1281 503 διαλλαγάς
1309 469 1331 494 a
1359 459 1576 497 testimonio

155 521 333 570 separari.
392 520 493 558 Cave
522 524 652 559 autem
681 522 721 558 in
752 533 797 559 eo
827 521 1012 569 offendas,
1049 522 1152 571 quod
1187 525 1224 559 et
1258 522 1332 559 hoc
1358 523 1442 560 loco
1471 528 1509 561 et
1535 524 1575 561 in

155 585 384 622 testimoniis
419 585 467 632 ἓξ
500 587 545 622 71
578 596 623 622 ac
655 586 729 622 123
763 596 845 622 rem
880 585 992 623 aliter
1024 586 1241 622 institutam
1276 596 1359 622 esse
1387 586 1575 624 videmus.

155 647 333 686 Fortasse
368 650 471 686 enim
508 654 638 687 orator
674 649 790 687 rebus
825 651 988 688 narratis
1022 651 1207 687 maiorem
1241 642 1354 686 fidem
1382 650 1576 687 facturum

155 723 196 748 se
224 723 308 749 esse
336 712 505 761 putabat,
535 713 567 749 si
595 712 782 751 formulas
810 714 914 763 ipsas
942 713 1104 762 afferret,
1134 725 1251 763 quam
1281 714 1313 750 si
1343 723 1441 762 quae
1463 713 1505 750 in
1527 714 1575 751 iis

157 780 274 823 erant,
302 777 345 813 in
374 777 605 814 testimoniis
634 777 871 815 inscriberet.

260 837 479 886 Διαλλαγάς
502 844 631 877 autem
655 841 740 878 illas
760 841 1077 879 Westermannus
1098 842 1215 878 nimis
1233 845 1368 878 tenues
1387 852 1431 877 ac
1443 851 1575 877 rerum

153 904 288 953 inopes
317 915 400 941 esse
429 904 634 942 existimat.

263 967 376 1014 Quod
415 969 583 1018 primum
624 969 715 1007 dicit
753 969 821 1007 illa
848 970 871 1018 ξ
900 971 971 1008 46:
1012 966 1166 1019 γνώμην
1205 964 1473 1016 ἀπεφηναντο,
1510 968 1574 1005 καὶ

153 1022 260 1070 οὗτοι
297 1030 496 1080 ἐνέμειναν
535 1029 651 1085 αὐτῇ,
691 1031 762 1084 τὴν
797 1034 870 1081 μὲν
906 1031 1118 1080 ἄνθρωπον
1145 1029 1358 1081 ἐλευθέραν
1386 1026 1485 1070 εἶναι
1511 1033 1576 1070 καὶ

154 1094 276 1136 αὗτΐν
299 1093 416 1148 αὐτῆς
438 1099 581 1146 κυρίαν,
612 1094 637 1134 ἃ
660 1093 696 1135 δ’
698 1096 864 1148 ἐξῆλθεν
886 1095 1024 1145 ἔχουσα
1048 1097 1199 1145 Νέαιρα
1222 1094 1332 1145 παρὰ
1358 1099 1575 1145 Φρυνίωνος

152 1162 264 1210 χωρὶς
291 1160 455 1208 ἱματίων
477 1161 541 1197 καὶ
563 1163 726 1208 χρυσίων
747 1162 811 1198 καὶ
834 1163 1097 1209 θεραπαινῶν,
1122 1157 1147 1197 ἃ
1171 1156 1270 1212 αὐτῇ
1297 1162 1346 1213 τῇ
1375 1156 1573 1211 ἀνθρώπῳ

153 1221 360 1276 ἠγοράσθη,
385 1221 601 1262 ἀποδοῦναι
626 1229 816 1274 Φρυνίωνι
839 1223 980 1264 πάντα.
1004 1230 1172 1262 συνεῖναι
1195 1221 1230 1262 ‹5'
1240 1224 1406 1274 ἑκατέρῳ
1430 1221 1575 1275 ἡμέραν

152 1285 235 1338 πὰρ’
265 1285 413 1339 ἡμέραν
445 1287 523 1327 ἐὰν.
553 1289 594 1327 δὲ
628 1291 692 1327 καὶ
735 1288 856 1333 ἄλλως
884 1302 968 1332 πως
1007 1285 1193 1340 ἀλλήλους
1226 1290 1410 1336 πείθωσι,
1450 1290 1574 1326 ταῖτα

151 1351 262 1403 κύρια
283 1348 391 1391 εἶναι.
416 1351 464 1391 τὰ
483 1349 519 1391 δ’
527 1351 730 1405 ἐπιτήδεια
753 1357 801 1406 τῇ
824 1351 1022 1405 ἀνθρώπῳ
1045 1351 1114 1391 τὸν
1136 1351 1272 1400 ἔχοντα
1296 1349 1357 1390 ἀεὶ
1380 1357 1574 1403 παρέχειν,

151 1419 215 1455 καὶ
250 1416 292 1455 ἐκ
319 1420 390 1455 τοῦ
417 1418 559 1455 λοιποῦ
586 1416 724 1467 χρόνου
759 1419 893 1471 φίλους
927 1414 1027 1455 εἶναι
1062 1414 1238 1467 ἀλληλοις
1267 1418 1330 1454 καὶ
1363 1415 1419 1465 μθ*
1445 1428 1573 1468 μνησι-

150 1487 281 1519 κακεῖν
308 1483 461 1520 falsario
491 1484 583 1520 satis
611 1484 794 1521 materiae
817 1483 1000 1533 praebere
1023 1483 1202 1533 potuisse,
1230 1482 1344 1532 plane
1367 1483 1571 1530 assentior;

152 1547 219 1586 sed
242 1548 283 1585 id
306 1549 434 1598 ipsum
459 1548 541 1585 eius
570 1549 799 1586 sententiam
828 1549 1035 1586 formulam
1057 1548 1265 1598 genuinam
1289 1558 1371 1585 esse
1394 1548 1571 1597 negantis

151 1613 311 1650 minime
352 1612 520 1649 adiuvat.
587 1612 779 1650 Falsarius
819 1614 939 1663 enim,
979 1616 1023 1650 ut
1057 1623 1142 1649 mea
1179 1611 1308 1661 opinio
1343 1614 1417 1659 est,
1456 1623 1572 1660 quam

151 1677 323 1714 maxime
352 1676 470 1714 verba
499 1677 658 1714 oratoris
686 1677 809 1727 ipsius
837 1681 993 1715 secutus
1030 1681 1129 1714 esset
1156 1687 1284 1725 neque
1320 1675 1432 1713 facile
1461 1675 1573 1725 quid—

152 1754 270 1791 quam
299 1753 349 1778 ex
378 1741 454 1777 illis
483 1742 682 1778 omisisset.

259 1804 342 1854 Ego
372 1810 502 1842 autem
531 1805 660 1842 nescio
689 1816 739 1842 an
769 1816 823 1853 ea,
853 1817 952 1854 quae
980 1805 1152 1842 maxime
1180 1804 1499 1842 Westermannus
1527 1804 1568 1841 in

151 1870 371 1916 διαλλαγαῖς
400 1869 616 1906 desiderare
644 1868 814 1916 videtur,
853 1869 1008 1906 omnino
1043 1870 1091 1906 iis
1120 1869 1210 1906 addi
1249 1880 1326 1906 non
1362 1869 1569 1918 potuerint,

152 1935 236 1973 dico
265 1935 332 1972 illa
368 1931 440 1984 τὴν
477 1932 551 1980 μὲν
579 1929 792 1981 ἄνθρωπον
814 1929 1026 1980 ἐλευθέραν
1065 1927 1165 1969 εἶναι
1197 1933 1261 1969 καὶ
1289 1928 1413 1983 αὐτὴν
1451 1927 1568 1983 αὐτῆς

152 2000 302 2046 κυρίαν,
355 1994 379 2034 ἃ
430 1993 635 2047 δ’ἐξῆλθεν
675 1994 812 2043 ἔχουσα
852 1996 1003 2046 Νέαιρα
1046 1995 1154 2049 παρὰ
1197 1999 1414 2046 Φρυνίωνος
1457 1997 1570 2046 χωρὶς

151 2062 316 2110 ἱματίων
358 2062 422 2098 καὶ
465 2063 627 2110 χρυσίων
665 2062 729 2099 καὶ
768 2063 1039 2111 θεραπαινῶν,
1091 2058 1116 2098 ἆ
1151 2057 1251 2114 αὐτῇ
1289 2063 1338 2114 τῇ
1372 2056 1569 2112 ἀνθρώπῳ

151 2123 364 2179 ἠγοράσθη,
401 2122 616 2163 ἀποδοῦναι
647 2128 836 2175 Φρυνίωνι
866 2123 1009 2165 πάντα.
1071 2126 1171 2165 Nam
1199 2131 1355 2177 propter
1392 2129 1571 2164 naturam

152 2193 404 2232 diaetetarum
444 2193 680 2242 privatorum
718 2195 756 2229 et
784 2203 926 2229 nomen
962 2192 1092 2241 ipsum
1124 2191 1336 2239 διαλλαγῶν
1363 2191 1571 2229 verisimile

153 2269 235 2295 esse
263 2257 358 2294 mihi
386 2256 550 2302 videtur,
579 2267 658 2302 eas,
692 2255 886 2305 siquidem
916 2255 1263 2304 conscriberentur,
1298 2257 1352 2293 ita
1379 2255 1572 2305 conscrip-

153 2325 212 2359 tas
241 2333 343 2369 esse,
379 2325 423 2358 ut
457 2332 536 2358 non
564 2320 754 2357 iudicium
783 2321 1040 2369 continerent,
1070 2320 1174 2369 quod
1203 2320 1387 2358 diaetetae
1416 2320 1464 2358 de
1492 2323 1572 2358 tota

153 2397 272 2422 causa
306 2385 495 2431 fecerant,
536 2385 602 2421 sed
640 2385 887 2421 condiciones
923 2389 1073 2421 tantum
1105 2385 1303 2433 pactionis,
1341 2383 1483 2433 quibus
1514 2394 1572 2420 re·

152 2447 371 2487 conciliatio
401 2447 501 2487 facta
523 2453 622 2495 erat3
638 2447 745 2487 -haec
769 2448 846 2487 duo
874 2448 976 2487 inter
1004 2460 1044 2487 se
1068 2448 1219 2487 diversa
1241 2453 1279 2487 et
1302 2447 1574 2499 djstinguenda

152 2525 236 2551 esse
263 2517 365 2562 puto.
425 2512 623 2550 Diaetetae
657 2514 741 2551 sine
778 2513 896 2550 dubio
924 2514 1093 2562 primum
1122 2513 1375 2562 quaerebant,
1404 2513 1499 2562 quid
1526 2512 1573 2549 de
