1709 2851
720 122 984 158 -44-

248 227 314 277 Iis,
343 239 441 278 quae
467 227 572 277 prior
599 239 688 278 pars
715 226 902 265 formulae
931 227 1104 265 continet
1140 223 1343 277 (ἁγιπεύω
1379 227 1444 264 καὶ
1477 225 1559 275 ειμὶ

138 289 299 342 καθαροὶ
326 291 392 328 καὶ
421 287 515 339 ἆγινὶ»
542 286 625 328 α’πό
653 291 731 328 τῶν
753 287 878 328 ἄλλων
899 290 994 327 τῶν
1002 285 1050 328 οὗ
1078 287 1379 341 καθαρευόντων
1399 291 1464 330 καὶ
1486 286 1560 330 ἀπ’

140 352 281 406 ἀνδρὸς
305 355 528 405 συνουσίας)
565 356 761 406 praeclare
789 354 1062 404 comprobatur
1087 354 1141 404 id,
1168 356 1273 405 quod
1301 360 1429 395 orator
1455 368 1559 395 oom-

140 420 300 472 probare
338 420 495 469 studet,
507 419 643 458 Phano
671 430 832 458 munere
869 420 1026 471 reginae
1053 418 1256 470 indignam
1282 419 1410 461 fuisse.
1466 420 1559 460 Sine

141 485 260 524 dubio
283 486 387 524 enim
409 485 479 524 illa
500 485 664 535 indigna
686 488 777 531 erat,
808 496 909 534 quae
930 489 1009 523 tam
1032 485 1147 523 castis
1169 484 1387 534 virginibus
1409 497 1557 559 praees·

143 554 199 588 set
221 560 366 599 easque
393 550 476 600 ipsa
505 550 592 587 iure
620 547 784 586 iurando
812 548 994 599 adigeret.

491 690 525 725 2.
582 687 642 725 De
671 688 820 726 decreto
849 699 884 737 p.
917 689 1030 734 1380,
1059 688 1082 736 ξ
1114 688 1199 726 104.

243 780 506 835 Ἱπποκράτης
543 778 634 821 εἷπε
671 783 892 826 Πλαταιέας
931 777 1030 821 εἶναι
1063 779 1284 835 Ἀθηναίους
1323 780 1404 821 ἀπὸ
1446 785 1557 836 τῆςδε

138 851 206 900 τῆς
234 845 388 900 ἡμερας,
418 846 595 896 ἐντίμους
623 846 809 896 καθαπερ
837 846 874 884 οἱ
903 845 1011 885 αλλοι
1039 844 1243 898 Ἀθηναῖοι,
1278 861 1342 885 και
1380 853 1557 896 μετεῖναι

139 910 272 956 αυτοῖς
310 911 440 961 ὧνπερ
471 909 682 962 Ἀθηναίοις
718 913 874 959 μέτεστι
901 907 1070 960 πάντων,
1104 925 1169 949 και
1203 911 1316 962 ἱερῶν
1342 912 1406 950 καὶ
1434 908 1556 959 ὁσίων,

141 976 245 1029 πλὴν
268 977 308 1015 εἴ
330 991 386 1019 τις
414 973 599 1026 ἱερωσύνη
627 973 652 1026 ἢ
682 974 819 1026 τελετή
845 974 947 1013 ἐστιν
974 974 1017 1012 ἐκ
1044 980 1182 1023 γένους,
1217 977 1315 1027 μηδὲ
1342 979 1419 1014 τῶν
1446 975 1556 1014 εντὲα

140 1039 343 1092 ἀρχόντων,
378 1045 458 1083 τοῖς
498 1036 594 1078 δ’ἐκ
621 1037 778 1080 τούτων.
806 1044 1037 1089 κατανεῖμαι
1066 1040 1107 1079 δὲ
1135 1039 1225 1084 τοὺς
1251 1040 1474 1084 Πλαταιέας
1502 1039 1557 1084 εἷς

137 1104 226 1149 τούς
254 1103 397 1157 δήμους
433 1107 497 1142 καὶ
534 1104 602 1147 τὰς
640 1102 772 1152 φυλάς.
808 1102 971 1141 ἐπειδὰν
1005 1105 1046 1142 δὲ
1073 1107 1303 1155 νεμηθῶσιν,
1333 1103 1395 1155 ’μὴ
1419 1103 1556 1149 ἐξέστω

137 1168 195 1207 ἔτι
229 1166 416 1220 Ἀθηναίῳ
451 1167 589 1219 μηδενὶ
623 1170 819 1216 γίγνεσθαι
858 1167 1096 1216 Πλαταιέων,
1134 1167 1188 1220 μὴ
1223 1164 1417 1220 εἰρομένῳ
1446 1167 1557 1218 παρὰ

136 1235 208 1271 τοῦ
236 1230 360 1285 δήμου
388 1236 459 1271 τοῦ
490 1230 708 1284 Ἀθηναίων.

247 1307 385 1347 Orator
424 1312 629 1359 postquam
673 1309 788 1359 longa
830 1309 1067 1359 digressione
1118 1309 1247 1347 omnia
1304 1309 1554 1354 enumeravit,

138 1373 282 1422 quibus
299 1373 548 1411 Plataeenses
572 1374 716 1410 amicos
729 1374 1026 1411 Atheniensium
1050 1385 1091 1410 se
1113 1374 1403 1423 praestitissent,
1426 1373 1556 1411 decre-

136 1440 220 1474 tum
246 1435 366 1485 affert,
397 1448 474 1486 quo
498 1436 556 1474 illi
579 1437 620 1474 in
645 1448 851 1475 numerum
875 1438 1022 1475 civium
1045 1438 1250 1475 atticorum
1272 1437 1414 1486 recepti
1437 1440 1556 1474 erant.

138 1500 251 1545 Quod
290 1512 334 1537 eo
369 1501 460 1537 fac-it
489 1501 663 1548 concilio,
695 1505 737 1538 ut
764 1501 911 1538 iudices
939 1501 1179 1550 intellegant,
1215 1511 1364 1550 semper
1390 1500 1433 1537 in
1462 1500 1555 1537 civi-

138 1568 217 1602 tate
246 1564 477 1603 eonferenda
506 1576 698 1602 summam
727 1565 947 1603 cautionem
975 1562 1186 1603 adhibitam
1215 1576 1307 1603 esse.

245 1640 569 1678 Percensentibus
595 1640 708 1677 nobis
737 1641 944 1688 decretum,
981 1640 1083 1689 quod
1106 1640 1345 1690 paragrapho
1372 1641 1447 1678 104
1473 1652 1556 1678 ora-

137 1705 253 1742 tionis
289 1705 478 1742 insertum
506 1707 644 1753 exstat,
672 1704 795 1742 multa
823 1707 1043 1753 occurrunt,
1078 1712 1234 1754 propter
1263 1716 1361 1754 quae
1390 1705 1556 1755 singulis

139 1781 219 1806 non
249 1770 468 1806 accuratius
497 1769 730 1806 examinatis
758 1768 870 1806 facile
899 1768 1076 1806 dubitare
1103 1769 1237 1818 possis,
1266 1780 1362 1806 num
1389 1768 1556 1807 formula

139 1834 312 1882 genuina
359 1834 417 1871 sit.
489 1832 663 1869 Primum
703 1833 805 1869 enim
838 1833 1177 1882 praescriptiones,
1217 1844 1315 1881 quae
1355 1836 1555 1879 vocantur,

137 1907 269 1934 omnes
289 1899 448 1947 praeter
471 1907 611 1933 nomen
632 1896 727 1944 eius,
752 1896 817 1945 qui
842 1897 1078 1945 rogationem
1091 1895 1192 1944 tulit,
1221 1896 1370 1935 desunt.
1404 1894 1555 1933 Deinde

141 1960 218 1998 duo
247 1961 289 1997 in
318 1960 471 1998 decreto
501 1959 779 2007 desiderantur,
809 1971 908 2009 quae
936 1963 1065 1997 orator
1091 1960 1132 1997 in
1161 1971 1206 1997 eo
1234 1960 1362 1997 inesse
1385 1959 1489 2007 dicit,
1517 1962 1555 1996 et

139 2024 241 2061 illud
270 2025 292 2072 ἓ
325 2025 401 2062 105
424 2023 489 2060 καὶ
513 2018 647 2073 ἠξίωσε
669 2021 759 2065 τοὺς
781 2022 1003 2065 Πλαταιέας
1024 2019 1293 2072 λαμβάνοντας
1314 2020 1386 2059 τὶν
1407 2019 1556 2071 δωρεὰν

137 2088 295 2137 πρῶτον
321 2087 394 2136 μὲν
422 2087 706 2139 δοκιμασθῆναι
734 2084 776 2124 ἐν
802 2089 857 2139 τῷ
884 2075 1111 2139 ’δικαστηρίῳ
1144 2083 1229 2125 κατ’
1242 2085 1361 2137 ἄνδρα
1384 2083 1555 2135 ἕκαστον,

138 2150 176 2189 εἰ
202 2149 282 2189 ἔστι
304 2149 526 2194 Πλαταιεύς
553 2152 618 2188 καὶ
648 2150 685 2189 εἰ
705 2154 783 2189 τῶν
804 2151 927 2200 φίλων
948 2153 1025 2189 τῶν
1045 2153 1113 2202 τῆς
1135 2148 1286 2194 πόλεως
1314 2154 1352 2190 et
1374 2162 1431 2200 ea,
1454 2161 1554 2201 quae

140 2219 362 2267 sequuntur
405 2212 544 2253 ἔπειτα
581 2214 670 2258 τοὺς
707 2216 1013 2264 δοκιμασθέντας
1058 2212 1325 2267 ἅναγραφῆιάι
1363 2213 1405 2254 ἐν
1437 2212 1554 2267 στήλῃ

135 2280 267 2332 λιθίνῃ
297 2280 362 2317 καὶ
390 2281 523 2329 στῆσαι
552 2277 594 2316 ἐν
622 2276 832 2329 ἀκροπόλει
855 2279 965 2329 παρὰ
992 2282 1042 2331 τῇ
1070 2281 1161 2331 θεῷ.
1236 2280 1322 2318 Hoc
1357 2280 1440 2317 loco
1473 2290 1553 2317 non

135 2344 298 2395 cogitari
336 2354 450 2395 posse
490 2343 537 2381 de
575 2345 737 2383 oratoris
774 2343 909 2384 fraude
943 2343 1146 2384 Schaefero
1180 2344 1261 2395 (cfr.
1296 2345 1380 2383 eius
1408 2345 1553 2391 annot.)

138 2409 253 2458 plane
282 2409 484 2446 assentior.
540 2408 664 2445 Immo
688 2413 910 2459 utrumque,
940 2408 1044 2459 quod
1073 2412 1200 2447 orator
1221 2409 1427 2459 praecipue
1449 2419 1553 2447 com-

135 2476 333 2522 memorat,
368 2474 411 2511 in
447 2472 580 2511 multis
614 2473 660 2511 de
694 2473 925 2512 conferenda
964 2474 1119 2512 civitate
1157 2474 1281 2512 titulis
1319 2474 1551 2512 invenimus.

136 2537 284 2586 Confer,
321 2541 364 2575 ut
398 2549 523 2575 unum
560 2537 782 2587 exemplum
818 2549 971 2588 ponam,
1009 2537 1047 2575 Ο.
1076 2537 1124 2576 J..
1142 2539 1189 2578 A.
1217 2538 1259 2576 Π
1287 2538 1377 2587 309,
1413 2550 1448 2575 V.
1478 2532 1550 2576 3'2:
