1709 2851
511 350 546 387 5.
575 347 634 385 De
662 348 882 385 testimonio
911 360 946 397 p.
979 348 1080 385 1356
1111 348 1133 395 ξ
1162 349 1223 384 34.

263 435 454 485 Χιωνίδης
488 429 730 479 Ξυπεταιών,
767 428 966 470 Εὐθετίων
1009 430 1304 482 Κυδαθηναιεὺς
1337 435 1574 481 μαρτυροῦσι

156 496 348 548 κληθῆναι
384 494 463 535 ὑπὸ
502 498 678 546 Χαβρίου
722 493 790 532 ἐπὶ
819 495 993 544 δεῖπνον,
1038 491 1104 532 ἴτε
1143 493 1192 532 τὰ
1244 493 1411 532 ἐπινίκια
1451 495 1573 532 εἱστία

155 563 330 611 Χαβρίας
352 564 419 613 τῆς
439 563 543 612 νίκης
565 562 636 598 τοῦ
659 556 838 609 ἅρματος,
867 559 931 596 καὶ
962 558 1179 597 εἱστιᾶσθαι
1202 557 1270 596 ἐπὶ
1305 557 1472 597 Κωλιάδι
1509 561 1571 596 καὶ

157 623 298 663 εἰδέναι
323 628 525 676 Φρυνίωνα
548 622 726 675 παρόντα
755 622 796 661 ἐν
824 625 969 674 δείπνῳ
991 620 1115 674 τούτῳ
1144 621 1279 670 ἔχοντα
1302 627 1475 674 Νέαιραν
1501 622 1573 675 τὴν

156 690 238 726 νυνὶ
273 685 556 740 ἀγωνιζομένην,
594 690 658 726 καὶ
702 687 910 727 καθεύδειν
949 690 1046 736 σᾳᾶς
1086 684 1226 731 αὐτοὺς
1264 689 1328 726 καὶ
1369 691 1571 738 Φρυνίωνα

155 753 218 790 καὶ
257 756 431 803 Νέαιραν
468 753 533 791 καὶ
573 749 832 791 αἰσθάνεσθαι
869 748 981 790 αὐτοὶ
1022 748 1294 800 ἀνισταμένους
1333 755 1400 803 τῆς
1437 751 1572 795 νυκτὸς

156 816 254 867 πρὸς
275 820 448 868 Νέαιραν
460 815 598 860 ἄλλους
620 830 663 855 τε
691 818 755 855 καὶ
778 820 855 856 τῶν
872 813 1058 855 διακόνων
1073 815 1188 864 τινάς,
1218 816 1259 854 οἳ
1281 809 1377 869 ἦσαν
1392 820 1571 867 Χαβρίου

158 881 310 920 οἰκέται.

267 945 325 984 De
353 952 578 998 argumento
597 948 805 985 testimonii
817 946 1136 985 Westermannus
1160 946 1252 985 haec
1280 947 1437 997 profert:
1463 947 1572 995 „Wir

154 1011 289 1048 fiihlen
317 1024 392 1049 uns
412 1012 519 1050 nicht
534 1013 724 1059 versucht,
748 1013 878 1049 diesen
892 1010 1073 1048 Schmutz
1098 1012 1198 1048 noch
1219 1011 1360 1049 breiter
1372 1024 1422 1049 zu
1434 1016 1570 1059 treten,

155 1074 235 1111 und
265 1074 490 1114 iiberlassen
519 1087 559 1114 es
589 1076 677 1114 dem
704 1075 817 1114 Leser
845 1074 982 1124 selbst,
1022 1075 1101 1113 sich
1132 1087 1182 1113 zu
1210 1075 1468 1126 iiberzeugen,
1496 1077 1570 1114 wie

116 1156 119 1159 ·
155 1140 280 1188 wenig
319 1139 386 1177 das
413 1140 600 1178 Einzelne
641 1141 762 1177 dieser
789 1143 962 1188 Aussage
1002 1139 1088 1176 dem
1125 1141 1350 1189 entspricht,
1391 1152 1468 1178 was
1503 1141 1572 1177 der

154 1201 308 1241 Redner
334 1204 453 1242 selbst
482 1204 504 1253 ξ
534 1206 582 1242 33
613 1204 668 1241 als
697 1204 813 1241 deren
842 1203 972 1241 Inhalt
998 1203 1184 1253 angiebt.“

263 1267 416 1305 Mallem
447 1268 767 1305 Westermannus
807 1268 921 1304 certis
949 1267 1076 1304 verbis
1105 1269 1364 1316 expressisset,
1401 1279 1500 1316 quac
1528 1268 1570 1303 in

157 1331 317 1369 oratoris
355 1332 574 1370 narratione
619 1343 708 1369 cum
747 1331 965 1370 testimonio
999 1343 1173 1382 pugnare
1212 1332 1450 1370 existimaret
1458 1344 1466 1378 ;
1508 1343 1571 1370 me

156 1396 253 1433 nihil
281 1397 469 1434 eiusmodi
497 1398 694 1434 invenisse
720 1397 850 1434 fateor.

262 1460 360 1498 Tum
380 1460 702 1498 Westermannus
730 1461 797 1498 illa
824 1460 887 1497 καὶ
915 1457 1123 1497 καθεύδειν
1145 1462 1243 1508 σφᾶς
1267 1457 1405 1502 αὐτούς
1428 1483 1477 1487 ——
1506 1461 1571 1497 καὶ

157 1521 415 1561 αἰσθάνεσθαι
437 1526 692 1574 reprehendit,
717 1536 815 1574 quae
837 1525 890 1562 ita
904 1525 1147 1574 interpretari
1171 1525 1335 1573 videtur,
1357 1530 1402 1563 ut
1417 1525 1571 1562 Chioni-

158 1589 232 1626 den
247 1591 284 1625 et
311 1588 583 1627 Euthetionem
610 1590 739 1626 testari
754 1592 915 1637 censeat,
943 1589 1030 1625 illas
1057 1600 1120 1626 res
1148 1588 1381 1626 dormientes
1420 1601 1461 1626 se
1489 1590 1570 1626 ani-

158 1653 417 1690 madvertisse.
484 1653 559 1691 Sed
597 1653 795 1691 falsarium
832 1664 909 1690 non
950 1653 1062 1690 facile
1102 1653 1307 1702 quisquam
1336 1657 1442 1690 tanta
1475 1654 1570 1690 stul-

157 1717 240 1753 titia
250 1716 370 1753 fuisse
382 1718 583 1766 putaverit,
601 1721 644 1754 ut
656 1717 749 1754 haec
761 1716 1037 1754 absurdissima
1048 1717 1090 1753 in
1102 1718 1320 1753 testimonio
1332 1716 1569 1754 inscriberet.

158 1780 337 1819 Schaefer
365 1781 412 1818 ad
442 1793 476 1830 p.
509 1782 611 1819 1356
640 1793 674 1817 v.
704 1782 752 1818 21
779 1783 954 1828 annotat,
987 1791 1120 1818 vocem
1147 1777 1356 1818 καθείδειν
1388 1781 1460 1818 hoc
1488 1781 1573 1817 loco

156 1846 337 1895 primario
371 1844 590 1894 significatu
618 1845 746 1882 valere
775 1844 1024 1893 „decumbere
1053 1845 1196 1894 quietis
1225 1856 1356 1893 causa,
1386 1856 1501 1894 quam
1536 1848 1575 1882 et

156 1910 323 1960 vigilans
352 1921 485 1959 capere
512 1911 668 1959 potest.“
726 1908 832 1954 Quae
860 1909 1120 1959 interpretatio
1142 1909 1258 1946 nimis
1281 1910 1463 1947 arcessita
1490 1920 1574 1946 esse

157 1975 253 2012 mihi
280 1974 443 2012 videtur.
499 1974 666 2012 Facilius
704 1974 824 2011 verba
857 1974 923 2011 illa
961 1974 1018 2010 sic
1045 1973 1210 2023 intelligi
1238 1985 1348 2023 posse
1382 1977 1494 2022 puto:
1532 1984 1574 2010 se

158 2038 393 2086 dormivisse,
422 2049 556 2075 somno
568 2041 697 2075 autem
715 2038 902 2075 excitatos
918 2037 1186 2075 foedissimum
1215 2037 1312 2074 illud
1334 2038 1572 2087 spectavisse.

160 2102 206 2140 Id
233 2103 364 2151 igitur,
400 2113 465 2139 eos
488 2113 624 2140 somno
651 2102 771 2139 fuisse
800 2102 955 2150 solutos,
984 2105 1111 2139 orator
1139 2114 1217 2151 qua
1245 2107 1302 2139 est
1336 2102 1571 2151 negligentia

159 2169 204 2204 ut
231 2177 559 2216 supervacaneum
587 2167 726 2204 omisit.

266 2231 307 2268 Si
346 2230 665 2268 Westermannus
711 2231 761 2267 ad
809 2242 1025 2268 sermonem
1071 2231 1256 2267 orationis
1304 2232 1345 2266 in
1384 2229 1573 2267 Neaeram

160 2295 333 2332 animum
355 2293 593 2341 intendisset,
622 2298 721 2331 certe
745 2305 823 2331 non
846 2295 902 2332 sic
923 2294 1188 2332 iudicavisset:
1217 2294 1352 2342 „Auch
1379 2291 1428 2330 τὰ
1456 2290 1574 2330 ἐπινί-

161 2371 224 2395 κια
261 2361 329 2408 τῆς
367 2360 471 2407 νίκης
498 2359 568 2393 τοῦ
597 2353 768 2405 ἅρματος
806 2359 856 2395 ist
888 2360 1015 2407 einzig
1058 2360 1100 2395 in
1136 2359 1263 2395 seiner
1299 2359 1403 2395 Art.“
1465 2358 1576 2394 Tales

160 2423 265 2460 enim
293 2424 471 2471 ambages
508 2424 623 2471 atque
662 2421 869 2460 verborum
897 2421 1158 2460 abundantiae
1198 2422 1369 2459 omnium
1406 2421 1575 2459 maxime

158 2487 275 2524 huius
304 2487 462 2524 oratoris
490 2486 665 2534 propriae
693 2491 785 2523 sunt
812 2487 939 2535 iisque
967 2487 1060 2535 ipsis
1078 2497 1201 2522 sermo
1217 2487 1300 2521 eius
1321 2486 1432 2522 valde
1461 2486 1578 2523 distat

159 2562 182 2588 a
209 2561 339 2600 pressa
350 2548 618 2588 Demosthenis
647 2549 802 2587 dicendi
829 2550 975 2587 ratione
1003 2554 1041 2587 et
1063 2549 1344 2599 comprobatur,
1367 2549 1577 2587 orationem
