1709 2851
729 105 997 142 —50-

161 210 210 248 de
243 210 330 260 lege
363 211 532 260 quadam
567 211 752 261 loquitur,
788 223 867 260 qua
903 211 1163 262 δημοποίητοι
1203 213 1278 262 ipsi
1313 212 1360 250 ab
1397 212 1576 250 omnibus

160 274 384 312 sacerdotiis
417 274 735 324 excludebantur,
775 286 855 312 non
889 275 1014 313 solum
1050 274 1098 313 ab
1133 271 1192 325 ii's,
1225 288 1326 326 quae
1354 277 1480 327 gentis
1507 276 1576 315 ali-

160 339 274 377 cuius
311 330 464 388 propria
502 343 623 384 erant,
661 339 701 376 id
737 339 841 388 quod
876 350 945 389 per
978 350 1019 376 se
1052 339 1299 378 manifestum
1329 344 1396 388 est,
1431 340 1498 379 sed
1527 340 1575 378 ab

161 402 343 441 omnibus
371 403 459 441 aliis
488 415 655 453 quoque,
692 415 792 453 quae
830 415 966 442 eorum
1000 403 1071 442 filii
1108 404 1271 453 quidem*
1305 405 1575 444 administrare

160 471 344 516 poterant.
414 469 587 517 Apparet
621 469 759 516 igitur,
802 468 1029 507 Staekerum
1068 467 1345 516 dificultatem,
1393 481 1492 518 quae
1532 470 1574 507 in

161 531 289 569 verbis
316 531 392 570 illis
421 530 527 582 πλὴν
554 529 594 568 εἴ
617 544 674 574 τις
702 528 888 583 ἱερωσύνη
912 527 936 583 ἢ
959 529 1099 582 τελετή
1119 528 1220 568 ἐστιν
1240 528 1284 568 ἐκ
1305 534 1435 579 γένους
1464 535 1575 581 inest,

161 596 320 633 omnino
350 608 428 634 non
457 597 694 646 cognovisse.
725 619 775 624 —
1522 640 1526 644 ,

269 659 473 708 Kirchner,
509 661 576 710 qui
612 661 743 698 omnia
770 662 895 700 >huius
931 662 1115 700 orationis
1150 661 1369 699 testimonia
1406 662 1576 711 genuina

153 734 245 762 vesse
285 723 549 762 demonstrare
593 725 739 773 studet,
791 731 938 775 praeter
983 737 1125 763 nomen
1163 725 1347 774 Stephani
1381 725 1577 764 Eroeadae

161 787 350 824 nonnulla
378 788 454 826 alia
483 800 639 839 quoque
667 791 835 838 nomina,
865 800 964 840 quae
991 790 1031 826 in
1061 789 1288 827 testimoniis
1311 790 1576 838 inveniuntur,

160 852 202 888 in
239 852 558 902 inscriptionibus
596 858 749 892 exstare
776 854 952 891 ostendit.
1017 853 1075 890 Ea
1103 856 1244 901 autem,
1280 865 1379 902 quae
1408 853 1576 892 Wester·

160 927 330 953 mannus
380 921 512 954 contra
553 918 862 955 testimoniorum
910 921 1181 968 argumentum
1224 918 1392 967 attulit,
1414 919 1577 956 minime

162 981 294 1018 omnia
321 981 547 1019 refutavisse
576 983 670 1019 mihi
698 983 860 1019 videtur.
923 981 1122 1018 Nonnulla
1150 982 1263 1030 plane
1291 982 1442 1019 silentio
1470 993 1576 1032 prae-

162 1045 344 1082 termisit:
386 1056 435 1082 ne
468 1045 583 1082 verbo
619 1046 777 1096 quidem
813 1046 917 1095 dicit,
954 1046 1048 1096 quid
1084 1045 1131 1083 de
1164 1034 1242 1083 illis
1280 1046 1302 1095 ξ
1337 1047 1387 1085 23
1422 1041 1472 1088 ὥς
1509 1038 1578 1084 οὖν

163 1104 295 1160 ἀληθῆ
327 1109 423 1157 λέγω
460 1105 520 1147 ὅτι
548 1141 555 1148 .
586 1142 592 1148 .
625 1142 631 1148 .
672 1108 898 1158 ἐμισθάρνει
926 1113 981 1160 τῷ
1008 1110 1229 1160 βουλομένῳ
1258 1107 1476 1147 ἀναλίσκειν
1498 1140 1506 1148 .
1531 1140 1538 1148 .
1569 1141 1576 1148 .

166 1170 428 1223 Φιλόστρατον
465 1171 643 1224 μάρτυρα
682 1175 803 1222 καλῶ;
840 1176 861 1223 ξ
900 1177 947 1212 41
986 1175 1251 1225 διεγγυηθεῖσα
1280 1175 1303 1212 δ
1311 1170 1403 1211 ’ὑπὸ
1431 1173 1577 1223 Στεφά-

165 1250 232 1274 νου
268 1243 354 1284 etc.;
390 1240 413 1286 ἓ
451 1241 502 1276 84
536 1238 604 1276 τὸν
635 1241 826 1289 Θεογένην
863 1269 869 1276 .
908 1269 916 1276 .
947 1269 953 1275 .
984 1234 1180 1284 ἀναγκάσω
1208 1242 1420 1287 μαρτυρεῖν
1447 1240 1577 1277 existi·

163 1302 351 1339 mandum
381 1303 440 1339 sit.
503 1301 710 1352 Complura
744 1304 820 1341 alia
848 1315 933 1340 mea
961 1303 1154 1340 sententia
1176 1306 1243 1339 aut
1270 1314 1346 1340 non
1377 1306 1481 1341 recte
1509 1308 1578 1341 aut

162 1377 243 1403 non
271 1367 364 1404 satis
392 1366 538 1404 refellit.
573 1366 631 1404 Ea
659 1371 801 1415 autem,
831 1378 930 1416 quae
949 1367 996 1404 de
1014 1367 1244 1404 testimoniis
1267 1366 1314 1414 ἐξ
1339 1368 1401 1415 54,
1425 1368 1488 1416 61,
1519 1369 1581 1415 71,

165 1431 216 1467 84
256 1431 452 1480 exposuit,
497 1432 627 1468 omnia
666 1431 747 1469 fere
786 1430 971 1481 improbo.
1045 1430 1249 1477 Assentior
1299 1431 1459 1480 quidem
1495 1433 1580 1469 viro

164 1493 287 1544 docto,
315 1495 354 1531 in
385 1496 604 1532 testimonio
633 1496 656 1543 ξ
680 1498 732 1533 54
755 1507 834 1533 non
858 1496 999 1532 diserte
1022 1494 1108 1542 dici,
1137 1495 1305 1544 primum
1334 1495 1581 1544 Stephanum,

163 1562 248 1595 tum
276 1558 523 1597 Phrastorem
552 1563 773 1597 accusatum
803 1570 886 1596 esse
894 1570 902 1607 ;
933 1569 1061 1607 neque
1084 1569 1173 1595 vero
1196 1558 1236 1596 id
1260 1558 1581 1597 Westermannus

164 1624 386 1670 contendit3
438 1624 505 1662 sed
534 1625 567 1661 is
596 1625 635 1660 in
665 1635 710 1661 eo
740 1623 909 1670 offendit,
938 1623 1042 1672 quod
1070 1633 1121 1659 ex
1148 1624 1368 1661 testimonio
1393 1635 1472 1661 non
1499 1627 1582 1674 pot·

165 1690 224 1725 est
270 1688 453 1738 intellegi,
502 1701 579 1738 quo
617 1688 731 1726 modo
761 1681 915 1736 singula
950 1688 1051 1724 inter
1079 1698 1119 1723 se
1147 1687 1385 1735 cohaereant,
1412 1700 1503 1725 cum
1530 1688 1582 1735 id,

166 1751 272 1799 quod
305 1752 473 1800 primum
506 1752 651 1789 factum
690 1755 768 1788 erat
808 1751 887 1800 (καὶ
921 1746 1103 1795 λαχόντος
1145 1745 1251 1800 αὐτῷ
1284 1749 1488 1799 Στεφάνου
1528 1750 1582 1794 εἰς

166 1810 329 1852 'masta-v
361 1817 492 1864 σίτου),
526 1817 566 1853 in
601 1815 679 1853 fine
715 1816 927 1853 testimonii
955 1818 1285 1862 commemoretur,
1324 1817 1582 1854 accusationis

155 1869 297 1916 'autem
319 1879 546 1927 Phrastoris,
576 1891 675 1929 quae
699 1891 749 1916 ex
771 1875 838 1916 illo
861 1883 944 1916 orta
966 1882 1060 1927 erat,
1089 1878 1216 1915 statim
1239 1878 1348 1916 initio
1371 1881 1582 1918 testimonii

165 1945 326 1982 mentio·
359 1943 426 1981 fiat
464 1945 677 1992 (μαρτυρεῖ,
712 1940 850 1994 ’ἐπειδὴ
891 1941 1035 1994 ᾔσθετο
1070 1973 1077 1979 .
1108 1973 1115 1979 .
1146 1972 1152 1979 .
1194 1940 1425 1991 γράψασθαι
1462 1939 1583 1980 αὐτὸν

166 2005 317 2058 γραφὴν
355 2007 454 2056 πρὸς
486 2006 576 2049 τοὺς
609 2009 884 2055 θεσμοθέτας).
953 2005 1030 2044 Cur
1063 2010 1190 2044 autem
1229 2007 1282 2044 ita
1318 2007 1581 2046 testimonium

166 2073 420 2122 compositum
452 2074 510 2119 sit,
538 2072 729 2110 Kirchner
756 2083 834 2109 non
862 2072 1038 2120 explicat.

274 2136 373 2173 Tum
395 2135 604 2183 contendit,
633 2135 914 2185 Apollodorum
937 2135 1033 2172 nihil
1055 2134 1245 2180 habuisse,
1269 2145 1339 2172 cur
1360 2135 1581 2174 testimonio

167 2200 428 2249 confirmaret,
461 2199 704 2239 Phrastorem
738 2200 1009 2239 iusiurandum
1046 2199 1280 2247 deseruisse,
1314 2212 1403 2237 cum
1437 2212 1488 2237 ex
1521 2201 1581 2237 iu-

168 2267 270 2302 dicio
304 2266 370 2302 illo
406 2265 655 2310 Brytidarum
690 2265 783 2302 satis
816 2264 985 2314 intellegi
1018 2266 1156 2313 posset,
1193 2262 1327 2301 Phano
1364 2274 1448 2301 esse
1474 2274 1583 2313 pere·

166 2330 329 2380 gtinam.
392 2331 446 2368 At
479 2333 607 2367 orator
639 2330 720 2379 ipse
753 2329 826 2366 hoc
864 2340 943 2366 non
976 2328 1100 2365 solum
1137 2339 1185 2365 ex
1216 2327 1478 2375 Brytidarum,
1513 2328 1582 2365 sed

168 2395 284 2431 etiam
313 2405 364 2430 ex
392 2393 609 2430 Phrastoris
648 2393 835 2430 sententia
873 2391 1055 2430 concludi
1083 2391 1168 2429 vult
1193 2394 1310 2441 atque
1337 2393 1469 2441 postea
1490 2402 1582 2441 quo—

168 2469 244 2508 que
280 2459 318 2509 (ἓ
351 2459 419 2507 63)
453 2459 624 2508 exponit,
657 2458 767 2497 illum
797 2458 937 2506 ipsum,
972 2468 1060 2493 cum
1098 2457 1224 2493 iurare
1252 2455 1381 2502 nollet,
1415 2456 1583 2493 declara·

169 2524 280 2570 visse‚
308 2523 404 2572 quid
434 2523 480 2561 de
508 2522 668 2560 Phanus
698 2522 845 2571 origine
874 2520 1124 2558 existimaret.
1186 2518 1279 2557 Sine
1317 2517 1435 2558 dubio
1463 2519 1584 2568 igitur
