1709 2851
740 165 1002 202 -35.-.

162 276 294 325 ἑτέρας
314 268 487 321 γυναικὸς
499 267 624 323 ἀστῆς,
648 267 888 320 ἀφίστασθαι
909 273 979 309 τοῦ
991 268 1143 319 ἀγῶνος
1155 269 1299 323 ἤθελον
1309 274 1380 310 τοῦ
1390 275 1572 323 Νεαίρας,

161 339 227 378 καὶ
254 334 297 377 εἴ
322 349 361 375 τι
387 332 430 374 ἐκ
461 337 539 375 τῶν
565 332 743 387 βασάνων
763 336 1036 389 βλαφθείησαν
1062 335 1103 375 αἱ
1132 334 1344 388 ἄνθρωποι,
1374 333 1574 376 σ’ποτίνειν

162 400 184 442 ὅ
209 416 248 441 τι
261 401 517 452 βλαβείησαν.
711 404 714 405 ’

266 465 314 504 In
343 466 470 516 priore
498 465 682 504 orationis
709 467 815 516 parte
844 455 1103 517 Apoliodorus
1137 466 1209 505 hoc
1236 467 1479 517 potissimum
1508 467 1573 506 de-

161 534 375 572 monstrare
416 530 584 579 studuit,
622 530 811 568 Neaeram
844 542 927 568 esse
958 532 1218 580 peregrinam,
1254 535 1368 581 atque
1401 532 1571 582 profecto

160 597 200 636 id
234 595 557 634 demonstravisse
590 594 685 633 mihi
712 595 876 645 videtur,
913 606 1150 645 quamquam
1178 607 1256 633 non
1291 597 1432 646 omnia,
1471 608 1571 647 quae

161 660 279 706 affert,
307 662 532 709 argumenta
557 659 670 697 firma
698 670 741 697 ac
768 660 883 709 plana
910 666 1012 698 sunt.
1068 660 1144 698 Sed
1172 663 1216 697 ut
1237 660 1384 698 Neaera
1411 662 1571 699 convin-

117 722 121 726 ’
161 726 311 764 ceretur
349 724 458 775 ,,ξένη
497 714 590 763 οὖσα
618 719 721 775 ἀστῷ
742 726 964 770 συνοικεῐνίι,
993 735 1082 763 011111
1105 724 1147 762 id
1171 736 1296 775 quoqe
1320 724 1567 775 comprobare

160 800 313 827 necesse
341 791 433 836 erat,
462 788 700 838 Stephanum
728 790 873 826 Neaera
900 800 969 838 pro
997 789 1167 838 legitima
1195 800 1318 826 uxore
1346 790 1412 827 uti.
1465 788 1572 834 Quae

161 856 286 893 essent
324 853 407 892 veri
445 853 680 892 matrimonii
719 853 846 903 signa,
895 856 1021 892 orator
1057 854 1140 904 ipse
1187 854 1209 902 ξ
1253 854 1328 891 122
1369 855 1569 904 exposuit:

862 914 880 926 c·

161 915 204 955 τὸ
235 915 306 966 γὰρ
340 923 526 954 συνοικεῖν
558 913 675 954 τοῦτ>
709 915 819 964 ἔστιν,
844 930 900 965 ,ος
933 914 981 954 ἂν
1019 917 1301 967 παιδοποιῆται
1336 918 1402 954 καὶ
1446 915 1571 969 εἰςοῖγῃ

162 979 215 1024 εἴς
241 993 285 1019 τε
312 978 400 1025 τοὺς
428 977 621 1032 φράτερας
648 981 713 1018 καὶ
741 977 910 1032 δημότας
937 977 1026 1024 τοὺς
1049 979 1154 1030 υἱεῖς,
1181 980 1245 1018 καὶ
1267 979 1336 1024 τὰς
1358 983 1571 1032 θυγατέρας

161 1043 296 1096 ἐκδιδῷ
331 1042 380 1088 ὥς
413 1042 532 1082 αὑτοῦ
566 1043 679 1088 οὔσας
713 1050 793 1087 τοῖς
834 1042 1023 1095 ἀνδράσιν.
1091 1045 1174 1095 Ego
1213 1057 1305 1083 vero
1343 1057 1570 1095 persuasum

161 1110 294 1161 habeo,
323 1110 560 1161 Stephanum
588 1122 667 1149 non
695 1110 820 1149 solum
847 1110 982 1149 Phano
1010 1114 1055 1149 ut
1082 1123 1194 1149 suam
1222 1110 1341 1148 filia-m
1369 1110 1564 1149 Phrastori

103 1200 105 1203 -
161 1178 275 1226 atque
306 1175 500 1225 Theogeni
538 1175 800 1225 spopondisse,
838 1175 906 1213 sed
940 1176 1067 1223 etiam,
1105 1175 1147 1212 id
1184 1175 1286 1224 quod
1325 1174 1569 1225 Lortzingius

160 1252 245 1290 pag.
274 1241 325 1278 45
354 1241 395 1277 in
424 1239 588 1277 dubium
615 1251 753 1278 vocare
781 1239 946 1288 videtur,
974 1242 1050 1277 tres
1072 1239 1171 1288 illos,
1201 1239 1247 1277 de
1272 1239 1414 1288 quibus
1444 1243 1571 1277 orator

161 1305 182 1354 ξ
214 1305 285 1342 121
319 1304 422 1353 dicit,
450 1306 494 1341 ut
520 1303 621 1341 filios
650 1315 740 1341 suos
761 1304 800 1341 in
824 1304 1024 1353 phratoras
1045 1303 1257 1341 induxisse.
1311 1302 1412 1341 Nam
1437 1315 1568 1353 quam-

162 1381 278 1419 quam
321 1368 394 1407 hoc
437 1368 600 1407 alterum
633 1368 889 1419 Apollodorus
929 1369 1157 1407 testimoniis
1196 1379 1273 1405 non
1310 1367 1563 1417 confirmavit,

161 1437 290 1472 tamen
336 1434 420 1472 sine
459 1434 539 1472 ulla
578 1433 816 1472 dubitatione
856 1445 927 1471 nos
974 1433 1102 1472 verbis
1141 1433 1225 1471 eius
1264 1432 1418 1471 credere
1456 1444 1568 1483 posse

164 1502 280 1548 puto3
311 1499 344 1536 si
372 1499 475 1536 enim
503 1498 719 1548 Stephanus
746 1497 846 1535 filios
874 1510 953 1535 non
975 1498 1194 1546 induxerat,
1223 1500 1323 1535 certe
1349 1498 1449 1535 nihil
1475 1498 1568 1535 faci-

159 1562 235 1600 lius
263 1563 299 1600 ei
321 1565 412 1611 erat,
437 1575 553 1612 quam
577 1563 720 1600 crimen
744 1563 905 1600 oratoris
927 1562 1110 1601 refellere.
1166 1561 1314 1611 Neque,
1337 1566 1381 1600 ut
1402 1563 1568 1609 videtur,

159 1627 200 1664 id
235 1628 402 1676 negavit,
438 1628 504 1665 sed
540 1629 667 1677 potius
695 1639 736 1665 se
763 1628 818 1664 ita
846 1639 916 1665 suo
945 1629 1030 1665 iure
1053 1627 1191 1664 fecisse
1218 1627 1478 1664 demonstrare
1507 1638 1569 1664 co-

161 1694 277 1729 natus
305 1694 371 1729 est.
426 1690 480 1729 Ut
506 1692 610 1729 enim
639 1703 689 1729 ex
717 1693 739 1740 ξ
770 1693 846 1730 119
886 1704 941 1741 sq.
971 1694 1135 1742 apparet,
1169 1690 1385 1740 Stephanus
1414 1695 1567 1729 conten·

160 1754 225 1802 dit,
254 1766 294 1792 se
320 1754 507 1793 Neaeram
536 1760 579 1793 ut
607 1756 864 1793 concubinam
894 1767 1026 1793 secum
1054 1755 1202 1802 habere,
1232 1760 1412 1804 quattuor
1440 1759 1567 1792 autem

157 1818 245 1857 illos
272 1818 414 1857 liberos
442 1831 521 1858 non
550 1832 600 1858 ex
629 1832 683 1870 ea,
706 1820 774 1859 sed
802 1832 822 1858 e
844 1821 971 1871 priore
998 1831 1122 1858 uxore
1144 1820 1316 1870 legitima
1338 1830 1419 1857 esse
1447 1823 1566 1857 natos.

264 1885 530 1935 ApollodoruS,
565 1897 655 1923 cum
683 1885 911 1936 provideret,
946 1884 1180 1934 Stephanum
1217 1884 1290 1922 hoc
1319 1884 1565 1922 defensurum

159 1959 249 1995 esse,
288 1961 356 1999 per
382 1950 584 1999 proclesin,
615 1962 712 1999 quae
741 1954 908 1997 vocatur,
937 1961 1026 1987 eum
1054 1954 1336 2000 provocaverat,
1366 1954 1410 1986 ut
1437 1961 1566 1987 servas

158 2011 338 2063 Neaerae,
372 2025 472 2064 quae
501 2013 548 2051 de
574 2013 781 2052 liberorum
810 2015 958 2064 origine
986 2015 1139 2062 scirent,
1176 2015 1376 2051 tormentis
1404 2015 1565 2052 interro-

157 2077 302 2125 gandas
331 2078 406 2116 sibi
433 2078 606 2116 traderet.
672 2077 783 2123 Quod
812 2090 901 2116 cum
931 2077 1146 2128 Stephanus
1168 2079 1434 2125 recusavisset,
1464 2084 1565 2116 certo
1605 2082 1609 2086 ⁴

158 2146 384 2190 argumento
412 2155 456 2181 ac
484 2143 702 2181 testimonio
732 2142 956 2180 destitutum
986 2154 1026 2181 se
1057 2155 1140 2181 esse
1169 2147 1295 2181 orator
1319 2143 1425 2190 dicit3
1466 2143 1563 2180 iudi-

157 2204 267 2243 cibus
301 2210 430 2245 autem
467 2207 699 2257 persuadere
734 2207 873 2254 studet,
909 2218 959 2245 ex
996 2219 1040 2245 eo
1080 2208 1174 2258 ipso,
1211 2207 1314 2257 quod
1351 2206 1565 2258 Stephanus

157 2280 286 2309 servas
309 2272 492 2312 exhibere
514 2273 693 2321 noluerit,
716 2284 909 2323 apparere,
938 2284 1091 2311 causam
1115 2274 1197 2312 eius
1220 2274 1357 2311 iustam
1382 2285 1459 2310 non
1473 2285 1564 2311 esse.

262 2333 410 2379 Quibus
427 2338 611 2388 expositis
633 2338 711 2375 iam
722 2337 904 2375 formulas
926 2338 1029 2388 ipsas
1054 2341 1090 2375 et
1109 2338 1313 2375 testimonii
1331 2342 1367 2375 et
1384 2338 1565 2387 proclesis

156 2400 373 2438 accuratius
411 2402 704 2452 perpendamus.
779 2401 854 2440 Pro
899 2402 1029 2440 verbis
1078 2403 1258 2452 proclesis
1306 2400 1373 2444 τὰς
1423 2400 1567 2445 εἰδυίας

157 2457 318 2510 ἀκριβῶς
350 2466 443 2514 περὶ
469 2468 546 2503 τῶν
574 2466 726 2504 παίδων
752 2468 829 2503 τῶν
866 2468 1037 2515 Νεαίρας
1076 2462 1135 2503 ὅτι
1164 2463 1206 2503 ἐκ
1249 2463 1449 2514 Στεφάνου
1483 2465 1566 2513 εἰσί,

156 2538 254 2575 quae
276 2528 427 2567 codices
449 2531 645 2581 praebent,
673 2544 762 2570 cum
785 2531 939 2571 Baitero
962 2532 1095 2582 scripsi
1125 2561 1134 2570 .
1153 2560 1161 2568 .
1186 2562 1194 2570 .
1216 2531 1396 2580 περὶτῶν
1414 2532 1567 2569 παίδων

153 2591 230 2629 τῶν
256 2590 456 2640 Στεφάνου
484 2591 544 2633 ὅτι
568 2593 609 2632 ἐκ
630 2598 803 2645 Νεαίρας
831 2593 912 2632 εἰσί.
954 2595 1091 2633 Orator
1114 2596 1215 2633 enim
1238 2595 1278 2631 id
1308 2596 1566 2634 demonstrare

1328 2657 1373 2690 3*
