1709 2851
745 99 984 134 ...4.-

254 204 386 254 Longe
425 208 557 242 autem
593 205 702 242 aliter
734 215 797 242 res
832 215 874 242 se
901 203 1017 241 habet
1042 204 1085 241 in
1114 205 1284 242 oratione
1312 202 1374 261 inss
1382 202 1571 257 Neaeram

151 269 291 307 habita.
338 268 578 319 Subscriptio
608 270 728 316 docet,
758 268 970 305 orationem
997 267 1104 305 mille
1133 255 1572 318 quadringentos'quin-

149 334 334 383 quaginta
374 345 498 371 unum
537 326 847 384 (ΧΗΗΗΗΙΖῙΙ)
897 331 1039 370 stichos
1082 332 1234 371 habere.
1307 332 1356 371 In
1405 332 1574 371 editione

148 397 415 435 Teubneriana
438 398 560 435 oratio
590 398 746 447 triginta
773 407 915 434 novem
942 395 1021 434 fere
1049 400 1213 447 occupat
1235 399 1395 448 paginas
1423 401 1461 435 et
1487 408 1572 434 ver-

149 473 216 499 sus
244 461 374 509 habet,
407 462 439 499 si
474 466 575 499 recte
609 461 851 510 computavi,
889 460 997 497 mille
1025 460 1213 499 ducentos
1240 462 1338 511 fere,
1374 462 1571 499 literarum

148 526 263 575 paulo
292 526 382 574 plus
413 525 697 574 quinquaginta
724 525 856 563 millia.
913 523 975 561 Ex
1002 524 1063 562 his
1091 526 1124 563 si
1159 537 1367 563 numerum
1395 529 1570 563 veterum

150 589 361 626 stichorum
385 589 617 638 colligimus,
641 588 810 626 eundem
832 588 911 625 fere
929 599 1012 625 esse
1031 589 1261 636 invenimus,
1285 600 1401 638 quem
1415 588 1571 638 praebet

150 652 399 702 subscripti0;
431 656 564 691 contra
588 653 621 691 si
643 652 840 700 formulas,
869 651 1012 701 quibus
1035 665 1114 691 non
1137 665 1254 702 parva
1275 666 1364 703 pars
1387 654 1572 691 orationis

149 716 322 764 efficitur,
353 717 576 762 omittimus,
599 727 785 754 numerus
806 716 920 765 longe
942 716 1068 753 distat.
1113 716 1199 754 Hac
1221 717 1341 765 igitur
1363 728 1404 753 re
1426 717 1571 754 formu-

147 780 196 819 lis
225 780 389 818 orationi
417 781 458 818 in
486 780 673 819 Neaeram
709 780 862 818 insertis
898 781 975 818 iam
1003 794 1026 819 a
1053 781 1179 831 primo
1207 780 1304 819 fides
1333 781 1568 819 conciliatur.

257 845 391 882 Graux
449 845 768 894 subscriptionem
836 845 1119 882 emendandam
1176 857 1259 882 esse
1309 849 1449 894 putans
1499 857 1570 894 pro

147 912 349 947 XHHHH
357 902 427 961 ΙΞΙΙ
445 908 579 947 scribit
596 903 804 960 Xflfll‘Agn
829 909 896 947 sed
911 909 1003 958 quia
1017 909 1125 947 nulla
1137 909 1211 947 alia
1224 921 1342 947 causa
1353 912 1570 947 commotus

148 985 232 1011 esse
255 974 419 1021 videtur,
447 974 522 1010 nisi
546 985 601 1021 eo,
631 973 734 1023 quod
758 977 884 1011 cetera
905 973 984 1010 litis
1006 974 1262 1011 instrumenta
1283 974 1324 1010 in
1346 973 1413 1010 illo
1436 973 1568 1010 arche-

150 1041 243 1087 typo
272 1049 351 1074 non
379 1038 554 1086 fuerunt,
593 1038 708 1075 talem
736 1038 989 1075 mutationem
1016 1049 1094 1075 non
1123 1037 1254 1087 probo.
1310 1037 1568 1087 Subscriptio-

149 1113 239 1139 nem
268 1113 396 1151 neque
425 1102 708 1140 emendandam
737 1113 862 1151 neque
890 1102 1167 1152 neglegendam
1195 1113 1278 1140 esse
1301 1104 1404 1140 recte
1427 1112 1568 1151 cogno-

149 1167 205 1204 vit
228 1166 415 1204 Christius
426 1167 466 1215 ¹),
494 1168 561 1216 qui
583 1167 623 1204 id
647 1167 804 1215 quidem
826 1167 922 1203 mihi
946 1178 1024 1203 non
1048 1167 1245 1216 persuasit,
1269 1166 1568 1215 subscriptiones

149 1241 227 1266 non
257 1230 304 1266 ad
330 1229 619 1277 Callimachum,
648 1230 715 1267 sed
739 1230 786 1267 ad
809 1231 984 1267 Atticum
1014 1230 1208 1278 quendam
1232 1241 1315 1268 esse
1337 1229 1567 1267 referendas.

149 1293 194 1331 Id
223 1294 326 1332 enim
354 1295 616 1343 potissimum,
655 1297 699 1331 ut
732 1294 809 1332 alia
844 1295 1033 1342 omittam,
1073 1295 1156 1331 eius
1191 1294 1404 1332 sententiae
1432 1293 1569 1341 obstat,
1627 1295 1629 1298 '

149 1358 253 1406 quod
293 1358 426 1395 eadem
470 1358 733 1407 longitudine,
781 1371 858 1406 qua
896 1358 1007 1395 stichi
1045 1358 1312 1395 Demosthenis
1352 1358 1569 1394 orationum

150 1425 251 1469 sunt,
275 1422 388 1458 etiam
412 1421 553 1459 stichos
576 1422 855 1471 permultorum
880 1421 1043 1460 aliorum
1066 1422 1295 1472 scriptorum
1314 1432 1396 1458 esse
1414 1421 1569 1460 scimus,

256 1485 381 1523 Multa
408 1489 539 1523 autem
568 1486 644 1523 alia
676 1487 718 1523 in
753 1487 836 1523 eius
871 1485 1194 1522 commentatione
1228 1486 1397 1522 maxime
1430 1485 1568 1534 proba—

146 1549 241 1588 bilia
264 1553 372 1596 sunt3
396 1550 451 1588 ita
473 1549 568 1587 mihi
593 1562 749 1600 quoque
771 1550 978 1588 verisimile
1005 1550 1163 1597 videtur,
1186 1552 1387 1598 propterea
1414 1550 1456 1586 in
1478 1561 1568 1588 eum

147 1614 334 1662 codicem,
375 1614 423 1650 ad
454 1625 568 1662 quem
599 1614 900 1664 subscriptiones
928 1615 1138 1663 pertinent,
1173 1613 1357 1651 formulas
1386 1614 1569 1651 orationis

145 1679 185 1715 in
205 1677 394 1715 Neaeram
414 1681 586 1727 receptas
608 1690 701 1726 esse,
727 1679 831 1728 quod
855 1690 900 1715 ea
921 1678 1050 1715 locum
1073 1677 1228 1715 tenebat
1250 1678 1351 1715 inter
1374 1678 1567 1715 orationes

146 1741 331 1792 publicas.
380 1741 523 1779 Contra
551 1743 769 1779 orationum
798 1743 839 1779 in
868 1741 1132 1790 Macartatum,
1163 1741 1411 1791 Stephanum,
1439 1740 1566 1779 Lacri-

145 1810 227 1843 tum
258 1806 330 1844 sub
366 1805 484 1844 finem
513 1806 693 1844 editionis
721 1807 933 1856 positarum
962 1806 1164 1853 formulas,
1200 1817 1363 1854 quarum
1401 1806 1567 1843 auctori-

145 1873 264 1907 tatem
304 1871 396 1907 satis
435 1869 699 1907 confirmatam
741 1881 824 1908 esse
859 1873 969 1919 puto,
1015 1871 1048 1907 is
1097 1870 1165 1918 qui
1212 1868 1316 1906 illam
1357 1869 1567 1919 editionem

144 1934 309 1982 paravit,
340 1934 485 1981 omisit,
513 1935 737 1983 praesertim
767 1945 857 1971 cum
885 1945 951 1971 eae
979 1945 1055 1971 non
1080 1934 1205 1982 magis
1230 1944 1346 1982 quam
1374 1935 1568 1971 orationes

145 1997 251 2048 ipsae
278 1997 492 2049 legentium
521 1999 669 2037 animos
697 2003 830 2037 tenere
857 1998 1090 2037 viderentur.
1136 1997 1220 2035 Hae
1243 1998 1360 2047 igitur
1378 1998 1567 2036 formulae

146 2072 196 2098 ex
225 2062 300 2099 alio
329 2058 535 2112 archetjpo
565 2063 613 2100 ad
641 2074 712 2100 nos
741 2067 1018 2112 pervenerunt,
1056 2063 1098 2099 in
1133 2073 1210 2111 quo
1247 2062 1360 2099 etiam
1393 2062 1472 2099 litis
1505 2063 1564 2099 in-

146 2128 363 2164 strumenta
400 2128 442 2164 in
481 2127 668 2164 Neaeram
710 2127 890 2163 orationis
928 2125 1049 2163 fuisse
1083 2129 1187 2174 puto.
1249 2125 1360 2173 Nam,
1388 2126 1428 2163 id
1462 2126 1566 2175 quod

144 2199 231 2225 meo
265 2189 411 2227 iudicio
439 2192 600 2228 maximi
635 2190 816 2240 ponderis
844 2193 918 2238 est,
951 2189 1070 2226 huius
1099 2189 1280 2226 orationis
1307 2188 1496 2228 formulae
1523 2190 1565 2227 in

147 2252 345 2301 omnibus,
381 2266 478 2303 quos
506 2254 711 2302 habemus,
752 2254 951 2292 codicibus
985 2257 1156 2300 exstant;
1197 2256 1408 2291 ceterarum
1437 2258 1565 2291 autem

145 2317 362 2354 orationum
400 2317 588 2356 formulae
626 2319 724 2356 aliae
762 2319 803 2355 in
843 2318 927 2355 aliis
962 2322 1000 2355 et
1034 2328 1166 2354 omnes
1201 2317 1353 2355 duabus
1382 2318 1564 2368 exceptis,

232 2519 256 2561 ¹)
279 2519 406 2552 Ibidem
428 2529 499 2561 pag.
527 2522 596 2560 195,
621 2522 680 2553 201
707 2529 777 2561 sqq.
