1709 2851
727 150 990 187 ..49-

158 269 235 308 quo
277 257 382 296 domi
417 256 640 311 Philostrati
668 259 758 305 erat,
785 256 1047 295 meretricium
1076 258 1278 305 quaestum
1310 254 1461 303 fecerat,
1496 254 1568 292 hoc

157 321 412 359 Philostratus
440 322 522 359 sine
546 320 665 358 dubio
688 321 908 359 testimonio
932 319 1159 358 confirmare
1185 320 1319 370 potuit.

260 384 392 423 Verba
407 385 618 423 testimonii
637 386 661 432 ,ξ
673 386 724 423 32
747 385 812 422 καὶ
823 383 1010 426 καταθεὶς
1027 381 1072 420 τὸ
1086 379 1263 433 α’ργύριον
1275 380 1393 434 ᾤχετο
1406 378 1567 429 ἀπάγων

157 445 338 499 Ἀθήναζε
366 451 541 498 Νέαιραν
569 447 728 487 Staeker
755 461 778 486 a
805 449 958 487 falsario
982 448 1148 498 quodam
1177 448 1324 486 adiecta
1352 458 1435 485 esse
1463 447 1565 484 exis-

154 514 275 551 timat.
332 513 399 559 „In
427 511 505 551 fine
531 512 728 562 formulae,
747 514 885 563 inquit,
905 513 1225 551 Westermannus
1247 523 1317 549 suo
1340 512 1426 549 iure
1449 510 1565 548 offen-

156 577 223 625 dit,
253 578 436 627 quoniam
470 589 599 626 neque
636 581 762 615 orator
799 577 879 615 ullo
912 578 997 615 loco
1026 577 1129 624 dicit,
1169 587 1246 625 quo
1280 575 1452 624 Phrynio
1480 586 1565 613 sese

152 642 318 689 verterit,
345 652 473 690 neque
503 644 677 678 extrema
707 641 822 678 verba
845 652 933 678 cum
951 640 1091 678 'ceteris
1113 640 1194 676 ullo
1217 639 1331 677 modo
1361 639 1565 676 cohaerent

154 716 283 755 neque
322 705 477 743 omnino
518 705 565 743 ad
599 717 682 744 rem
722 706 951 756 pertinent.“
1028 706 1083 742 At
1117 705 1288 755 primum
1323 707 1449 741 orator
1487 702 1564 740 illis

151 770 173 818 ξ
202 771 252 809 33
282 765 514 818 ἀφικόμενος
541 772 671 807 τοίνυν
709 771 822 820 δεῦρο
858 767 954 817 ἔχων
987 765 1107 821 αὐτήν
1140 773 1208 808 etc.
1239 772 1368 819 aperte
1390 779 1436 806 ac
1464 768 1564 806 dilu-

150 835 236 872 cide
276 835 386 882 dixit,
425 834 612 872 Neaeram
641 839 678 873 et
706 827 970 884 Phrynionem
998 835 1172 872 Athenas
1199 834 1372 879 venisse3
1393 835 1486 870 ‘tum
1514 843 1563 870 ex

150 898 278 936 verbis
319 894 384 935 καὶ
412 899 601 941 καταθεὶς
633 897 677 936 τι)
708 895 893 948 α’ργυριοτῒ
907 897 1025 949 ᾤχετο
1055 894 1215 945 ἐπάγων
1242 894 1422 947 Ἀθήναζε
1449 899 1563 934 Νέαι-

151 975 224 1011 ραν
252 966 420 1013 apparet,
459 962 646 1001 Neaeram
676 965 941 1002 condicionem
964 964 1070 1001 illam
1099 975 1121 1000 a
1147 962 1392 1000 Timanorida
1419 965 1457 999 et
1483 961 1563 998 Eu-

149 1029 251 1064 crate
280 1027 396 1064 latam
424 1023 494 1075 ἐφ’
518 1016 548 1077 ᾦ
570 1025 612 1064 ἐν
633 1029 812 1079 Κορίνθῳ
834 1025 890 1078 μὴ
912 1024 1138 1076 ἐργάζεσθαι
1160 1039 1202 1065 re
1224 1038 1316 1065 vera
1339 1026 1560 1064 servavisse.

256 1091 353 1127 Tum
391 1091 452 1127 vir
487 1077 623 1129 doetus
659 1092 757 1142 (pag.
794 1092 862 1141 47)
901 1094 1024 1141 putat,
1067 1094 1256 1128 oratorem
1295 1090 1561 1128 testimonium

148 1153 375 1202 Phrastoris‚
404 1155 509 1203 quod
532 1156 554 1203 ξ
583 1157 634 1193 55
662 1156 901 1204 promiserat,
929 1167 971 1192 re
993 1167 1085 1193 vera
1108 1155 1281 1192 attulisse
1303 1155 1421 1203 idque
1448 1155 1561 1191 initio

149 1218 265 1256 etiam
289 1218 453 1256 orationi
480 1220 665 1258 insertum
687 1219 818 1257 fuisse.
859 1218 935 1258 Sed
961 1220 1130 1269 primum
1160 1219 1354 1268 explicare
1375 1230 1455 1256 non
1478 1222 1561 1268 pot-

146 1285 213 1330 est,
251 1294 322 1320 cur
351 1283 425 1320 hoc
452 1284 715 1321 testimonium
744 1284 942 1331 exciderit,
970 1295 1060 1321 cum
1083 1295 1215 1320 omnes
1238 1283 1354 1320 huius
1378 1273 1561 1320 orationis

146 1346 336 1384 formulae
358 1346 470 1385 nobis
493 1351 666 1385 servatae
689 1349 783 1394 sint,
808 1352 890 1385 tum
912 1348 953 1385 id
978 1359 1142 1397 quoque,
1166 1351 1209 1385 ut
1220 1348 1302 1397 ipse
1324 1346 1561 1384 intellexisse

147 1410 309 1458 videtur,
349 1412 560 1448 sententiae
594 1413 677 1449 eius
714 1412 847 1460 obstat,
895 1412 998 1461 quod
1032 1417 1158 1449 orator
1197 1412 1219 1460 ξ
1259 1412 1307 1449 61
1345 1411 1393 1448 de
1431 1409 1561 1457 Bryti-

151 1475 288 1513 darum
317 1478 466 1513 tantum
494 1477 709 1513 testimonio
738 1476 838 1516 dicit.
897 1475 1019 1521 Quem
1048 1476 1272 1526 scrupulum
1301 1479 1345 1513 ut
1373 1478 1559 1521 amoveat,

146 1540 297 1589 conicit,
330 1540 442 1577 initio
472 1545 510 1578 et
537 1540 656 1578 verba
682 1540 754 1577 illa·
776 1540 841 1576 καὶ
870 1535 928 1577 ὅτι
962 1542 1085 1577 ταῦτα
1115 1535 1246 1590 ἀληθῆ
1272 1538 1385 1585 λέγω,
1413 1534 1560 1575 τούτων

146 1598 239 1650 ὑμῖν
271 1599 469 1654 μάρτυρας
507 1603 596 1646 τούς
634 1602 831 1654 παρόντας
869 1605 1065 1653 Βρυτιδῶν
1103 1606 1323 1653 παρέξομαι
1359 1607 1396 1641 et
1429 1603 1559 1650 Bryti-

146 1668 282 1705 darum
317 1669 579 1706 testimonium
619 1669 782 1706 orationi
815 1672 902 1718 post
938 1670 960 1716 ξ
995 1669 1046 1707 60
1084 1669 1228 1706 inserta
1254 1667 1385 1715 fuisse,
1426 1670 1558 1716 postea

145 1735 275 1771 autem
303 1745 326 1770 a
353 1732 510 1771 librario
540 1733 707 1783 quodam
734 1734 777 1770 in
804 1733 882 1771 fine
909 1734 1139 1771 narrationis
1176 1744 1258 1770 esse
1291 1733 1424 1782 posita.
1474 1731 1557 1781 Ego

144 1800 326 1835 neutram
354 1798 615 1835 coniecturam
644 1797 775 1848 probo,
817 1799 884 1847 qui
913 1810 1030 1847 supra
1058 1799 1151 1835 satis
1179 1797 1432 1847 explicavisse
1460 1796 1557 1833 mihi

144 1860 286 1910 videar,
319 1873 389 1899 eur
416 1866 544 1900 orator
578 1874 704 1913 neque
741 1862 988 1901 Phrastorem
1026 1863 1229 1911 vocaverit,
1268 1865 1311 1900 ut
1343 1864 1556 1911 testaretur,

144 1927 273 1964 iurare
307 1938 348 1964 se
376 1927 556 1973 noluisse,
594 1939 721 1977 neque
760 1928 801 1965 id
828 1915 956 1977 ipsum
983 1929 1025 1965 in
1058 1928 1310 1976 Brytidarum
1338 1928 1554 1965 testimonio

84 2018 86 2020 .
145 1990 392 2039 inscripserit.

250 2053 371 2092 Plane
400 2058 530 2093 autem
558 2056 840 2093 inconsiderate
869 2055 1028 2095 Staeker
1064 2069 1148 2107 pag.
1178 2058 1229 2094 54
1259 2057 1306 2095 de
1334 2057 1461 2095 verbis
1490 2058 1554 2095 de-

144 2119 238 2156 creti
264 2115 369 2168 πλὴν
390 2117 430 2155 εἴ
446 2132 502 2161 τις
524 2116 746 2171 ἱερωσύνηῆ
765 2117 903 2171 τελετή
921 2118 1022 2158 ἐστιν
1037 2118 1078 2158 ἐκ
1094 2123 1223 2168 γένους
1245 2123 1301 2159 sic
1322 2123 1554 2160 iudicavisse

143 2181 240 2218 mihi
265 2181 439 2219 videtur:
470 2182 580 2231 „Non
602 2184 768 2222 multum
790 2185 906 2234 valet,
930 2185 1034 2235 quod
1047 2188 1173 2222 orator
1185 2185 1288 2233 dicit,
1311 2185 1553 2224 Plataeenses

141 2245 333 2295 μηδεμιᾶς
359 2243 561 2298 ἱερωσύνης
587 2250 774 2298 μετέχειν,
802 2261 892 2297 cum
918 2251 959 2287 in
986 2249 1152 2287 formula
1178 2250 1352 2300 legamus
1378 2254 1554 2297 μετεῖναι

142 2310 207 2347 καὶ
241 2308 355 2358 ἱερῶν
381 2311 446 2347 καὶ
480 2306 603 2361 ὁσίων,
631 2310 735 2364 πλὴν
770 2311 811 2350 εἴ
840 2327 898 2356 τις
930 2310 1113 2365 ἱερωσύνη
1149 2309 1348 2365 ἢτελετή
1381 2310 1484 2351 ἐστιν
1510 2312 1553 2352 ἐκ

88 2390 90 2394 ·
141 2377 277 2422 γένους.
345 2373 443 2413 Cum
466 2375 580 2415 'enim
612 2378 728 2429 longe
761 2379 929 2429 plurima
964 2380 1178 2419 sacerdotia
1208 2379 1417 2418 hereditate
1449 2380 1553 2419 intra

141 2443 284 2489 gentes,
317 2440 358 2477 in
393 2452 491 2489 quas
527 2443 683 2491 quidem
711 2443 953 2481 Plataeenses
980 2455 1061 2482 non
1088 2444 1383 2495 recipiebantur,
1410 2445 1553 2483 tradita

141 2505 227 2553 sint,
255 2507 383 2542 orator
409 2516 487 2542 non
515 2518 673 2555 prorsus
701 2511 877 2546 accurate
905 2508 1152 2547 Plataeenses
1180 2510 1352 2547 omnium
1376 2509 1551 2547 sacerdo-

139 2569 283 2606 tiorum
317 2574 495 2618 expertes
528 2581 610 2607 esse
648 2571 770 2609 dicit.“
841 2573 894 2609 At
929 2575 1057 2610 orator
1089 2577 1127 2611 et
1160 2573 1231 2610 hoc
1267 2572 1350 2610 loco
1380 2576 1418 2611 et
1446 2573 1469 2622 ξ
1498 2574 1550 2611 92

1337 2640 1356 2669 4
