1709 2851
706 130 753 134 ..-
811 109 968 145 21-

122 217 189 256 καὶ
218 211 416 262 ἀναγκάσω
443 219 655 264 μαρτυρεῖν
681 213 783 252 κατὰ
808 213 876 252 τὸν
904 212 1022 263 νόμον
1058 219 1226 265 apparet,
1253 216 1400 253 invitus
1428 219 1542 253 testa-

123 286 187 320 tus
215 281 282 317 est.
337 278 473 329 Neque
500 279 540 317 id
568 280 712 317 mirum
740 279 910 327 videtur3
940 291 1030 317 nam
1059 291 1123 328 ea,
1162 291 1261 330 quae
1295 282 1429 318 contra
1459 278 1543 317 Ste-

123 346 295 396 phanum
321 343 473 393 fecerat,
502 355 581 381 non
604 344 731 382 solum
755 345 1033 394 vituperatione
1056 344 1174 394 digna
1196 347 1297 391 sunt,
1325 343 1393 381 sed
1415 344 1542 389 etiam,

123 420 214 446 cum
250 407 379 445 dotem
417 407 575 445 reddere
612 410 824 455 recusaret,
861 408 983 458 legem
1019 408 1196 456 violavit,
1226 407 1273 445 de
1303 420 1380 457 qua
1416 410 1543 445 orator

124 475 147 522 ξ
177 473 228 510 52
257 471 350 510 dicit
377 468 460 523 (τὸν
491 467 625 519 νόμον,
650 467 690 514 ὃς
716 468 882 519 κελεύει,
918 469 988 510 ἐὰν
1016 468 1239 524 ἀποπέμπῃ
1278 470 1348 523 τὴν
1375 476 1541 519 γυναῖκα,

123 532 355 574 ἀποδιδόναι
380 533 452 587 τὴν
478 540 621 585 προῖκα
649 533 718 573 ἐὰν
746 535 787 573 δὲ
821 534 886 587 μὴ,
922 532 988 573 ἐπ’
1015 534 1102 574 έννέ
1112 533 1282 586 ’ὀβολοῖς
1308 540 1542 585 τοκοφορεῖν,

121 601 187 638 καὶ
220 602 327 638 σίτου
361 598 415 642 εἰς
451 595 613 637 Ὠιδεῖον
646 594 745 637 εἶναι
780 596 1010 637 δικάσασθαι
1047 596 1147 650 ὑπὲρ
1180 602 1247 651 τῆς
1277 596 1450 648 γυναικὸς
1488 602 1542 650 τῷ

122 667 265 715 κυρίῳ).
327 664 434 702 Haec
468 664 626 702 fortasse
655 664 827 713 aliquam
866 665 1156 703 excusationem
1195 664 1394 712 haberent,
1434 664 1467 701 si
1500 675 1542 701 re

124 741 216 768 vera
242 728 377 767 Phano
405 729 607 779 peregrina
633 728 778 767 fuisset.
887 728 934 766 Id
961 729 1090 779 ipsum
1118 734 1246 767 autem
1272 729 1444 767 maxime
1472 728 1540 766 du-

123 795 234 832 bium
269 797 341 841 est,
377 805 504 843 neque
541 794 644 831 enim
677 796 803 830 orator
838 793 917 831 ullo
953 794 1037 831 loco
1078 794 1367 842 demonstravit,
1409 792 1541 830 Phano

123 851 295 897 Neaerae
327 869 412 896 esse
440 857 570 906 filiam,
606 869 685 895 non
714 858 852 908 prioris
888 857 1073 908 Stephani
1108 859 1241 897 uxoris
1275 857 1355 908 (cfr.
1385 859 1407 905 ἓ
1440 857 1540 907 11-9).

122 923 278 973 Neque,
314 926 358 961 ut
392 921 637 972 Lortzingius
665 935 748 972 pag.
777 924 829 960 46
866 926 968 960 recte
1003 923 1190 972 disputat,
1234 922 1416 960 Phrastor
1453 923 1536 972 ipse

123 986 339 1037 quidquam
367 987 461 1024 certi
485 986 536 1024 de
554 985 714 1024 Phanus
738 987 884 1036 origine
907 990 1146 1037 compertum
1168 986 1351 1025 habuisse
1373 986 1537 1024 videtur.

124 1050 327 1089 Praeterea
356 1053 483 1088 orator
510 1050 532 1099 ξ
561 1050 613 1088 50
641 1062 696 1100 sq.
725 1050 820 1089 alias
849 1057 1002 1101 quoque
1030 1062 1166 1089 causas
1194 1050 1349 1089 divortii
1376 1061 1541 1088 comme-

123 1118 265 1152 morat:
296 1110 365 1151 οὐκ
393 1111 584 1164 ἠπίστατο
612 1119 692 1156 τοῖς
719 1116 790 1151 τοῦ
814 1112 1033 1163 Φράστορος
1060 1112 1219 1163 τρόποις
1248 1110 1427 1162 ἀρέσκειν,
1457 1110 1540 1150 ἀλλ’

122 1173 245 1229 ἐζήτει
283 1175 333 1215 τὰ
361 1179 427 1230 τῆς
454 1176 599 1229 μητρὸς
627 1174 703 1229 ἔθη
730 1177 794 1216 καὶ
827 1176 897 1230 τὴν
929 1173 1025 1228 παρ’
1062 1173 1163 1231 αὐτῇ
1198 1173 1404 1216 ἀκολασίαν
1431 1207 1439 1215 .
1468 1208 1476 1216 .
1501 1209 1509 1217 .

122 1239 224 1292 ὁρῶν
252 1238 288 1280 δ’
317 1238 337 1279 ὃ
381 1239 568 1292 Φράστωρ
597 1239 718 1294 αὗτὴν
751 1240 841 1280 οὔτε
874 1245 1036 1291 κοσμίαν
1071 1235 1189 1280 οὖσαν
1215 1239 1297 1280 οὔτ’
1330 1240 1541 1280 ἐθέλουσαν

123 1303 247 1344 αὐτοῦ
276 1304 491 1356 ἀκροᾶσθαι
519 1339 526 1346 .
556 1339 565 1347 .
594 1337 602 1344 .
628 1339 636 1346 .
664 1303 841 1356 ἐκβάλλει
867 1304 937 1345 viv
966 1305 1185 1356 ἄνθρωπον.

233 1372 382 1418 Quibus
422 1373 605 1422 expositis
639 1385 821 1423 apparere
860 1376 971 1423 puto,
1011 1385 1081 1410 cur
1120 1372 1300 1410 Phrastor
1337 1372 1383 1409 de
1421 1371 1536 1410 rebus

123 1437 202 1474 illis
224 1448 303 1474 non
326 1436 491 1474 libenter
512 1438 774 1475 testimonium
799 1437 950 1474 dixerit.
996 1436 1115 1486 Apud
1133 1436 1388 1473 Athenienses
1412 1440 1541 1473 autem

124 1500 309 1538 omnibus
338 1501 500 1539 testibus
529 1502 652 1539 citatis
681 1505 749 1539 aut
776 1502 1040 1539 testimonium
1068 1500 1275 1538 dicendum
1298 1504 1365 1537 aut
1386 1501 1538 1537 eiuran-

123 1564 221 1602 dum
247 1564 365 1602 fuisse
394 1568 550 1603 constat.
607 1565 661 1603 Ut
688 1566 807 1615 igitur
829 1565 901 1603 hoc
924 1564 1086 1602 alterum
1110 1576 1228 1614 quam
1251 1564 1422 1602 maxime
1449 1575 1537 1614 pro-

127 1629 331 1675 hiberetur,
365 1641 478 1679 saepe
511 1642 533 1667 a
563 1630 804 1679 litigantibus
832 1631 1049 1668 testimonia
1075 1631 1130 1667 ita
1157 1630 1336 1667 instituta
1364 1641 1408 1666 ac
1436 1641 1541 1666 com-

126 1695 252 1744 posita
284 1706 366 1732 esse
394 1697 497 1745 put0,
526 1697 570 1732 ut
605 1695 653 1732 iis
689 1695 817 1732 omnia
846 1695 1001 1745 quidem
1037 1695 1334 1743 continerentur,
1365 1704 1463 1744 quae
1491 1693 1540 1730 ad

126 1770 211 1796 rem
250 1760 485 1809 propositam
519 1759 780 1797 affirmandam
817 1761 1032 1798 necessaria
1054 1763 1171 1807 erant,
1199 1759 1268 1796 illa
1290 1762 1428 1807 autem,
1457 1759 1541 1807 qui-

125 1821 200 1860 bus
245 1823 385 1873 aliquis
437 1824 558 1861 arceri
599 1826 743 1873 posset,
790 1835 840 1862 ne
891 1827 1112 1873 testaretur,
1160 1824 1193 1861 si
1238 1823 1326 1861 fieri
1380 1826 1540 1873 poterat,

126 1887 408 1927 omitterentur.
463 1887 522 1925 Ita
560 1888 779 1926 testimonia
805 1889 994 1926 nonnulla
1021 1900 1062 1926 se
1091 1888 1351 1937 composuisse
1381 1887 1538 1924 Aeschi-

127 1961 197 1988 nes
223 1951 265 1988 in
286 1951 506 1989 Timarchea
538 1952 652 1989 certis
680 1951 807 1990 verbis
836 1951 1046 2002 profitetur,
1077 1951 1144 1991 cfr.
1170 1952 1192 2000 ξ
1221 1953 1272 1989 45
1309 1948 1379 1998 ἐγώ
1412 1952 1541 1987 τοίνυν

75 2032 78 2034 v
126 2015 271 2064 καίπερ
310 2010 616 2063 ὁμολογουμένου
654 2017 724 2052 τοῦ
775 2014 1016 2065 πράγματος,
1054 2012 1191 2066 ἐπειδὴ
1231 2013 1273 2052 ἐν
1316 2016 1541 2065 δικαστηρίῳ

128 2074 252 2125 ἐσμέν,
289 2081 459 2127 γέγραφα
489 2081 706 2129 μαρτυρίαν
742 2075 920 2129 Μισγόλᾳ
950 2075 1080 2129 ἀληθῆ
1100 2081 1182 2127 μέν,
1207 2075 1276 2116 οὐκ
1305 2075 1543 2116 ἀπαίδευτον

128 2140 181 2187 δέ,
221 2137 270 2184 ὦς
303 2139 373 2189 ἐγώ
416 2140 586 2191 ἕμαυτὸν
618 2145 759 2181 πείθω.
801 2140 897 2181 αὐτὸ
931 2144 1003 2191 μὲν
1030 2141 1100 2193 γὰρ
1125 2141 1296 2191 τοῦνομα
1330 2145 1399 2180 τοῦ
1427 2140 1535 2190 ἔργον

129 2199 151 2239 3
191 2202 363 2254 ἔπραττε
398 2205 496 2256 πρὸς
531 2210 669 2244 τοῦτον
696 2204 764 2244 οὐκ
792 2204 965 2258 ἐγγράφω
994 2203 1078 2245 οὔδ’
1107 2204 1199 2244 ἄλλο
1228 2210 1394 2255 γέγραφα
1419 2202 1538 2253 οὐδέν,

130 2263 152 2303 3
191 2265 392 2319 ἐπιζήμιόν
422 2268 524 2308 ἐστιν
557 2269 599 2308 ἐκ
618 2274 709 2315 ,τῶν
741 2269 869 2320 νόμων
899 2274 952 2322 τῷ
996 2268 1031 2309 τ’
1073 2267 1204 2321 ἀληθῆ
1246 2267 1540 2320 μαρτυρήσαντι.

130 2326 157 2366 ἃ
185 2330 230 2367 δέ
249 2329 350 2369 ἐστιν
371 2329 463 2381 ὑμῖν
485 2330 663 2373 ἀκούουσι
684 2334 862 2386 γνώριμα,
888 2332 1068 2374 ἀκίνδυνα
1093 2335 1135 2373 δὲ
1156 2335 1221 2372 καὶ
1236 2332 1291 2386 μὴ
1322 2336 1375 2385 τῷ
1397 2347 1543 2383 μαρτυ-

129 2395 260 2443 ροῦντι
288 2395 434 2446 αἰσχρά,
462 2401 586 2437 ταῦτα
615 2402 783 2450 γέγραφα
819 2404 856 2438 et
883 2402 905 2449 ξ
935 2401 1006 2437 67:
1039 2396 1186 2437 Οὐκοῦν
1213 2399 1277 2435 καὶ
1306 2394 1424 2435 αὐτὸν
1452 2394 1544 2446 ὑμῖν

129 2457 276 2496 καλέσω
290 2457 359 2497 τὸν
378 2457 644 2514 (Ηγήσανδρον.
687 2466 856 2514 γέγραφα
875 2460 911 2502 δ’
923 2460 1027 2515 αὐτῷ
1049 2465 1264 2513 μαρτυρίαν
1285 2466 1545 2513 κοσμιωτέραν

129 2521 204 2570 μὲν
231 2518 255 2575 ἢ
280 2522 366 2563 κατ’
394 2524 549 2575 ἐκεῖνον,
576 2531 698 2580 μικρῷ
720 2528 762 2566 δὲ
789 2532 1028 2578 σαφεστέραν
1054 2524 1077 2564 ⁷²²
1100 2530 1153 2578 τῷ
1176 2524 1362 2577 Μισγόλᾳ.
1419 2528 1544 2566 Simili
