1709 2851
755 89 1017 141 -34-

176 206 409 259 affirmaret,
430 206 610 260 ·ideoque
646 208 766 248 verba
804 208 827 259 ξ
871 209 922 248 84
955 208 1020 247 καὶ
1054 203 1251 257 ἀναγκάσω
1285 210 1496 260 μαρτυρεῖν
1532 208 1592 247 in-

175 275 306 325 tellegi
332 286 412 313 non
439 285 560 324 posse.
606 273 751 312 ·lmm0
779 285 882 324 vero,
909 277 954 311 ut
979 274 1076 311 mihi
1105 273 1263 324 quidem·
1282 273 1448 325 videtur,
1474 273 1592 312 Theo-

176 339 267 391 geni
294 339 462 378 maxime
489 339 697 379 molestum
720 351 765 378 ao
786 351 905 389 grave
928 342 1009 378 erat
1037 339 1181 387 testari,
1217 339 1439 378 archontem‘
1461 350 1592 390 regem

176 416 219 443 se
247 404 381 442 Phano
409 404 518 442 illam
547 405 590 442 in
618 404 909 442 matrimonium
933 400 1104 449 duxisse,
1133 414 1251 453 quam
1272 413 1354 441 non
1373 403 1489 442 modo
1515 414 1592 441 non

175 470 378 520 virginem,
423 468 491 508 sed
536 469 664 519 potius
714 468 953 506 meretricem
999 467 1118 506 fuisse
1170 466 1341 505 iudices
1355 471 1592 536 compertum

175 534 369 572 haberent.
1282 543 1286 548 ’

283 596 465 648 Denique
493 596 812 635 Westermannus
851 599 1065 635 extremam
1098 600 1246 647 partem
1282 597 1494 635 testimonii
1520 592 1592 647 τήν

175 675 220 700 τε
249 660 463 711 ἄνθρωπον
490 659 668 710 ἐκβαλεῖν
694 661 758 698 καὶ
786 657 914 698 οὐκέτι
942 665 1128 698 συνοικεῖν
1156 657 1266 713 αὐτῇ,
1302 660 1366 698 καὶ
1393 662 1591 708 Στέφανον

177 722 373 765 ἀπελάσαι
401 721 483 764 άπὸ
512 727 578 777 τῆς
606 725 819 776 παρεδρίας
846 725 911 763 καὶ
938 721 1007 763 οὐκ
1030 722 1100 763 ἐᾶν
1122 722 1180 763 ἔτι
1203 722 1458 775 παρεδρεύειν
1486 720 1591 775 αὑτῷ

178 796 223 829 ut
250 792 450 829 verbosius
478 791 659 839 scriptam
680 790 935 840 reprehendit.
963 790 1067 827 Talia
1095 802 1118 827 a
1140 801 1317 828 sermone
1339 790 1499 834 oratoris
1521 789 1591 827 mi-

177 856 282 894 nime
311 855 435 894 aliena
463 866 547 893 esse
575 855 653 893 iam
682 867 795 905 saepe
835 855 927 894 dixi.
989 854 1165 893 Fortasse
1193 853 1323 893 autem
1351 857 1386 893 is
1414 855 1591 893 similiter

176 924 292 969 atque
330 921 372 956 in
410 920 627 956 testimonio
666 921 688 965 ξ
729 920 780 955 54
820 919 981 955 consilio
1018 921 1074 955 tot
1116 917 1242 956 verbis
1284 930 1377 956 usus
1405 921 1483 967 est,⁴
1511 929 1587 968 quo

177 983 318 1022 clarius
341 986 550 1033 appareret,
574 995 650 1033 quo
674 983 803 1021 animo
814 982 1038 1033 Theogenes
1061 984 1101 1021 in
1127 983 1261 1021 Phano
1285 996 1329 1021 ao
1352 983 1589 1034 Stephanum

177 1052 287 1086 esset.

490 1167 549 1204 13.
605 1164 664 1204 De
692 1166 911 1204 testimonio
940 1178 974 1216 p.
1006 1167 1108 1204 1387
1137 1166 1159 1215 ξ
1191 1168 1277 1205 123.

281 1257 541 1311 Ἱπποκράτης
561 1257 845 1309 Ἱπποκράτους
868 1261 1136 1311 Προβαλίσιος,
1176 1263 1438 1313 Δημοσθένης
1462 1265 1588 1313 Δημο-

178 1327 342 1368 σθένους
373 1321 596 1372 Παιανιεύς,
625 1322 821 1377 Διοφάνης
848 1322 1065 1375 Διοφάνους
1098 1322 1373 1379 Ἀλωπεκῆθεν,
1401 1328 1590 1379 Διομένης

176 1385 375 1439 Ἀρχελάου
420 1387 726 1441 Κυδαθηναιεύς,
762 1393 917 1433 Δεινίας
963 1392 1160 1441 Φορμίδου
1194 1392 1442 1444 Κυδαντίδης,
1470 1387 1590 1431 Λυσί-

174 1467 297 1504 μαχος
324 1456 542 1493 Λυσίππου
579 1454 762 1503 Αἰγιλιεὺς
796 1458 1031 1505 μαρτυροῦσι
1068 1461 1254 1506 παρεῖναι
1292 1454 1334 1494 ἐν
1370 1452 1590 1507 άγορᾷμὸτῗ

176 1516 454 1568 Ἀπολλόδωρος
490 1515 750 1569 προύκαλεῖτο
784 1522 992 1568 Στέφανον,
1021 1516 1137 1565 ἀξιῶν
1164 1521 1410 1571 παραδοῦναι
1438 1519 1492 1564 εἰς
1524 1519 1589 1571 βά-

176 1596 291 1621 σανον
318 1580 387 1626 τὰς
420 1585 678 1633 θεραπαίνας,
718 1584 810 1633 περὶ
839 1573 892 1621 ὧν
928 1580 1060 1637 ᾐτιᾶτο
1089 1580 1367 1635 Ἀπολλόδωρος
1394 1588 1592 1634 Στέφανον

176 1648 267 1695 περὶ
296 1649 469 1696 Νεαίρας
498 1661 505 1668 ·
534 1651 731 1697 Στέφανον
759 1644 1074 1700 δὀὐκ-ἐθελῆσαι
1108 1650 1351 1699 παραδοῦναι
1378 1648 1447 1692 τὰς
1473 1637 1590 1700 θεραᾸ

175 1713 318 1754 παίνας
348 1723 355 1731 ·
378 1709 449 1762 τὴν
477 1711 518 1749 δὲ
546 1709 756 1763 πρόκλησιν
784 1707 883 1750 εἶναι
912 1710 958 1763 ἣν
986 1715 1197 1762 παρέχεται
1225 1710 1513 1764 Ἀπολλόδωρος.

772 1805 995 1860 Πρόκλησις.

286 1879 392 1922 Τάδε
427 1883 684 1932 προκαλεῖται
720 1879 999 1935 Απολλόδωρος
1027 1888 1248 1935 Στέφανον,
1293 1887 1386 1937 περὶ
1426 1884 1480 1924 ὧν
1516 1884 1589 1938 τὴν

175 1961 323 2022 γραφην
350 1951 570 1997 γέγραπται,
595 1952 769 1998 Νέαιραν
797 1951 907 2000 ξένην
934 1961 1053 1988 ουσαν
1080 1946 1182 2002 ἀστῷ
1209 1956 1406 2000 συνοικεῖν,
1439 1948 1591 1999 ἕτοιμος

176 2008 229 2050 ὢν
255 2009 324 2054 τὰς
351 2014 598 2061 θεραπαίνας
620 2010 946 2063 παραλαμβάνειν
967 2012 1035 2057 τὰς
1056 2017 1237 2065 Νεαίρας,
1268 2013 1317 2058 α“ς
1333 2013 1376 2053 ἐκ
1399 2012 1592 2065 ᾹΙεγάρων

177 2074 315 2122 ε’χουσα
353 2068 462 2126 ἦλθε,
506 2078 689 2126 Θρᾶτταν
726 2078 791 2114 καὶ
829 2078 1076 2129 Κοκκαλίνην,
1115 2079 1179 2116 καὶ
1218 2075 1262 2121 ἃς
1296 2075 1455 2129 ὕστερον
1481 2076 1590 2128 παρὰ

176 2137 362 2191 Στεφάνῳ
402 2138 596 2192 ἐκτήσατο,
631 2141 796 2183 Ξεννίδα
832 2155 896 2179 και
923 2143 1108 2193 Δροσίδα,
1148 2141 1217 2187 τὰς
1252 2142 1407 2186 εἰδυίας
1431 2139 1591 2192 ἀκριβῶς

176 2205 270 2254 περὶ
297 2206 374 2242 τῶν
400 2206 554 2242 παίδων
586 2207 663 2243 τῶν
689 2202 901 2255 Στεφάνου,
930 2202 990 2244 ὅτι
1018 2204 1061 2244 ἐκ
1087 2209 1260 2257 Νεαίρας
1287 2206 1369 2255 εἰσί,
1396 2204 1592 2258 Πρόξενός

175 2282 219 2308 τε
248 2264 269 2307 ὃ
297 2266 527 2322 τελευτήσας
553 2271 618 2310 καὶ
656 2267 826 2321 Ἀρίστων
854 2267 874 2309 ὅ
902 2274 972 2309 νῦν
999 2269 1052 2310 ὢν
1078 2272 1143 2310 καὶ
1170 2269 1426 2323 Ἀντιδωρίδης
1457 2268 1478 2309 ὃ
1506 2284 1590 2311 στα-

177 2334 395 2383 διαδρομιῖν
431 2335 495 2372 καὶ
536 2333 668 2384 Φανώ,
715 2332 783 2385 ἐφ’
819 2325 848 2387 ᾧ
880 2349 924 2374 τε
957 2338 1159 2386 βασανίσαι
1192 2332 1321 2380 αὐτάς.
1354 2337 1431 2375 καὶ·
1450 2335 1499 2375 εἰ.
1519 2337 1592 2387 μὲν

177 2393 400 2447 ὁμολογοῖεν
427 2396 469 2437 ἐκ
496 2398 698 2449 Στεφάνου
727 2395 826 2438 εἶναι
853 2402 918 2439 καὶ
945 2403 1118 2451 Νεαίρας
1144 2398 1303 2444 τούτους
1324 2400 1414 2444 τοὺς
1435 2403 1590 2450 παῖδας,

177 2465 412 2513 πεπρᾶσθαι
449 2466 625 2513 Νέαιραν
657 2462 758 2502 κατὰ
793 2463 882 2507 τοὺς
908 2462 1050 2513 νόμους
1082 2465 1146 2503 καὶ
1174 2464 1263 2509 τούς
1291 2464 1436 2509 παῖδας
1463 2467 1591 2512 ξένους

178 2521 277 2567 εἶναι
312 2540 320 2550 ·
350 2526 387 2566 εἰ
419 2527 461 2566 δὲ
498 2526 553 2579 μὴ
581 2524 805 2577 ὁμολογοῖεν
843 2527 885 2566 ἐκ
920 2527 1064 2581 ταύτης
1098 2525 1198 2569 εἶναι
1234 2527 1384 2578 αὐτούς,
1420 2526 1510 2568 ἀλλ’
1533 2528 1589 2576 ἐξ’
