1709 2851
706 122 971 161 -20-

130 225 229 266 Dote
262 227 398 278 igitur,
437 239 486 266 ne
518 239 635 267 causa
667 227 837 267 Neaerae
871 229 918 267 ad
948 230 1098 268 iudices
1130 229 1357 282 deferretur,
1385 233 1507 271 cessit.
1521 233 1551 280 ¹)

133 289 244 337 Quod
302 303 344 345 re
387 303 481 331 vera
529 292 676 331 factum
727 305 811 332 esse
854 294 1074 332 testimonio
1119 293 1187 332 illo
1235 296 1419 335 affirmari
1466 297 1553 336 vult

132 355 402 412 Apollodorus.
469 355 764 395 Perscrutemur
800 358 921 408 igitur
956 369 1113 407 causas,
1154 359 1297 409 quibus
1336 366 1554 400 commotus

131 419 451 458 Westermannus
473 421 513 458 id
543 432 700 471 quoque
716 422 964 472 ,suppositum
987 433 1071 460 esse
1093 427 1234 462 censet.
1290 425 1425 474 „Auch
1449 424 1554 463 diese

135 483 333 534 Urkunde,
360 485 507 535 inquit,
544 485 595 524 ist
628 485 800 525 schleeht
826 486 1029 537 gerathen,
1069 486 1118 525 da
1148 486 1211 525 ihr
1238 487 1438 527 Verfasser
1470 488 1552 527 sich

131 561 234 586 zwar
271 550 325 586 im
363 549 521 588 Ganzen
560 562 609 588 an
650 550 719 588 das
759 550 964 601 Gegebene
1003 551 1318 601 angeschlossen,
1357 553 1449 591 aber
1481 564 1555 591 aus

131 613 236 651 einer
274 613 481 652 seltsamen
519 613 639 652 Grille
680 614 742 652 die
787 615 990 653 einzelnen
1032 614 1186 653 Punkte
1225 617 1332 654 nicht
1369 618 1410 654 in
1449 617 1555 655 ihrer

132 677 323 727 richtigen
351 678 724 728 Aufeinanderfolge
757 678 932 728 gelassen
970 679 1048 717 und
1080 679 1251 717 dadurch
1285 680 1361 718 den
1396 681 1553 718 wahren

131 741 467 792 Zusammenhang
490 742 558 780 der
579 741 700 780 Saehe
723 746 886 781 zerstort
903 743 984 781 und
1002 746 1187 782 zerriittet
1214 744 1288 782 hat.
1340 743 1420 783 Das
1442 748 1554 794 erste,

131 819 210 844 was
237 806 423 845 Phrastor
456 807 557 855 that,
591 807 648 844 als
685 819 726 844 er
759 808 833 845 den
867 807 1015 857 Betrug
1045 808 1113 845 des
1141 807 1357 858 Stephanus
1390 809 1552 857 merkte,

131 884 226 921 war,
262 872 335 909 wie
372 882 443 909 aus
478 871 546 909 der
579 870 667 909 sehr
700 871 920 910 deutlichen
953 871 1178 922 Erzahlung
1206 873 1228 921 ἓ
1257 874 1305 911 51
1336 873 1372 914 ff.
1401 874 1552 923 erhellt,

132 938 220 975 dass
249 949 292 975 er
327 936 389 974 die
421 936 498 973 ihm
535 939 760 985 angetraute
787 936 949 974 Tochter
985 937 1053 974 der
1086 936 1220 974 Phano
1254 940 1434 977 verstiess
1471 939 1553 976 und

132 1014 234 1039 zwar
263 1001 362 1039 ohne
395 1000 457 1037 ihr
482 999 788 1049 Eingebrachtes
827 1001 1161 1051 herauszugeben,
1202 1002 1264 1040 ein
1298 1002 1445 1052 Punkt,
1486 1003 1556 1041 der

130 1066 334 1114 Jedenfalls
363 1065 461 1102 auch
489 1065 542 1101 im
565 1064 775 1114 Zeugnisse
803 1076 874 1102 zur
894 1065 1131 1115 Motivirung
1159 1065 1227 1103 der
1254 1066 1339 1116 δίκη
1351 1067 1457 1103 σίτου
1487 1066 1555 1104 des

134 1130 352 1180 Stephanus
385 1130 459 1166 mit
482 1128 707 1178 anzugeben
735 1129 817 1166 und
859 1142 907 1166 an
951 1129 1012 1166 die
1042 1129 1158 1166 Stelle
1198 1130 1264 1167 des
1302 1142 1401 1179 ganz
1441 1131 1556 1168 iiber-

134 1194 321 1243 fliissigen
339 1193 404 1230 καὶ
423 1188 550 1230 οὐκέτι
572 1195 758 1228 συνοικεῖν
774 1187 875 1244 αὐτῇ
897 1204 947 1229 zu
972 1195 1100 1230 setzen
1121 1204 1220 1230 war:
1250 1193 1404 1231 hierauf
1427 1193 1556 1245 klagte

135 1258 353 1309 Stephanus
367 1269 501 1307 wegen
515 1256 797 1306 Riickzahlung
809 1257 902 1295 oder
915 1257 1165 1307 Verzinsung
1177 1257 1246 1295 der
1258 1258 1555 1308 eingebrachten

134 1323 299 1371 dreissig
321 1321 466 1369 Minen,
493 1320 577 1358 und
606 1321 708 1358 diese
732 1320 853 1370 Klage
883 1324 959 1358 erst
981 1321 1202 1359 erwiederte
1226 1321 1410 1359 Phrastor
1432 1322 1555 1360 durch

134 1385 219 1426 eine
254 1382 383 1438 γραφή
418 1385 480 1425 bei
515 1385 591 1424 den
629 1385 932 1425 Thesmotheten.
994 1385 1213 1424 Hierdurch
1248 1386 1334 1425 aufs
1362 1390 1556 1427 ausserste

131 1451 340 1501 gefahrdet,
362 1451 593 1488 verzichtete
616 1450 770 1487 endlich
792 1449 1007 1499 Stephanus
1030 1450 1100 1488 auf
1118 1450 1178 1487 die
1196 1449 1342 1500 Mitgift
1364 1451 1443 1488 und
1464 1452 1558 1489 liess

134 1517 241 1554 'seine
260 1514 382 1565 Klage
405 1514 534 1563 fallen,
562 1514 715 1552 worauf
731 1514 829 1551 auch
851 1513 1033 1552 Phrastor
1055 1514 1117 1552 die
1136 1515 1284 1564 seinige
1301 1515 1555 1565 zuriickzog.“

240 1580 287 1616 Id
317 1579 474 1628 quidem
504 1578 689 1626 concedo,
718 1590 780 1615 res
809 1590 853 1615 eo
883 1578 1016 1614 ordine
1043 1578 1162 1615 factas
1192 1590 1294 1626 esse,
1323 1590 1398 1627 quo
1428 1583 1558 1616 orator

134 1646 216 1695 ipse
246 1643 517 1682 easnarravit.
575 1641 613 1680 Is
650 1647 779 1680 autem
817 1643 947 1680 omnia
981 1646 1058 1680 tam
1096 1646 1273 1681 accurate
1309 1654 1354 1680 ac
1390 1643 1559 1681 dilucide

137 1709 329 1759 exposuit,
358 1710 402 1745 ut
429 1708 608 1744 falsarius
641 1718 719 1744 non
754 1710 882 1756 posset
920 1718 1046 1744 errore
1083 1711 1218 1756 captus
1252 1706 1425 1744 ordinem
1453 1719 1556 1745 com-

140 1776 297 1812 mutare.
337 1771 476 1822 Neque
496 1772 620 1821 magis
638 1773 853 1821 comprobo,
877 1770 981 1820 quod
994 1770 1314 1809 Westermannus
1337 1771 1441 1819 dicit,
1465 1783 1554 1810 eum

137 1838 209 1875 hoc
243 1838 326 1874 sine
360 1841 462 1874 certa
496 1836 644 1873 ratione
686 1835 798 1885 („aus
832 1836 941 1872 einer
983 1835 1188 1873 seltsamen
1223 1835 1382 1883 Grille‘·)
1410 1835 1556 1874 fecisse.

136 1901 223 1939 Meo
252 1902 355 1939 enim
384 1900 527 1938 iudicio
556 1899 752 1948 falsarius,
781 1900 814 1937 si
842 1900 998 1937 omnino
1026 1900 1256 1938 testimoniis
1292 1899 1407 1937 fidem
1436 1899 1556 1938 tribui

134 1966 331 2012 voluisset,
359 1976 404 2001 ea
432 1976 511 2001 non
538 1968 646 2001 tanta
673 1965 907 2014 negligentia
935 1965 1233 2013 conscripsisset,
1262 1968 1307 2000 ut
1334 1968 1478 2001 temere
1506 1964 1554 2001 ab

134 2030 212 2067 illis
239 2029 336 2079 ipsis
365 2028 642 2077 digrederetur,
673 2040 772 2077 quae
799 2029 842 2065 in
871 2028 1042 2065 oratione
1070 2028 1334 2066 inveniuntur.

242 2093 319 2131 Sed
348 2092 697 2129 demonstraturum
728 2103 788 2129 me
817 2103 901 2146 esse
928 2103 1055 2141 spero,
1091 2096 1279 2129 oratorem
1307 2093 1437 2141 ipsum
1465 2104 1555 2129 con-

134 2157 219 2195 silio
248 2156 514 2194 testimonium
536 2156 590 2193 ita
613 2157 893 2206 conscripsisse.
944 2155 1136 2204 Phrastor,
1165 2159 1208 2193 ut
1233 2167 1283 2193 ex
1304 2156 1431 2194 verbis
1456 2158 1478 2205 ξ
1501 2159 1552 2196 53

244 2273 268 2314 ²)
292 2272 374 2304 Rem
397 2273 442 2304 ita
465 2281 500 2304 se
522 2272 641 2304 habere
663 2272 736 2304 Van
759 2272 821 2304 den
843 2272 887 2304 Es
910 2282 975 2304 non
996 2271 1174 2311 intellexit;
1196 2271 1229 2302 in
1250 2270 1332 2304 libro
1355 2272 1458 2313 enim,
1493 2273 1550 2314 qui

134 2326 323 2357 inscribitur
356 2326 432 2366 „De
470 2326 541 2357 iure
563 2326 785 2357 familiarum“
808 2335 878 2366 pag.
903 2328 941 2356 61
968 2325 1013 2356 sic
1037 2325 1196 2364 disputat:
1232 2325 1414 2363 „Phrastor
1435 2336 1553 2367 negare

135 2379 241 2419 potuit
275 2379 383 2411 dotem
416 2379 549 2410 reddere
584 2382 642 2410 aut
676 2379 754 2419 quia
787 2380 834 2411 ita
866 2378 986 2410 licebat
1008 2387 1049 2409 ex
1082 2377 1171 2419 lege,
1204 2380 1262 2409 aut
1295 2378 1372 2418 quia
1406 2378 1551 2420 putabat,

134 2432 335 2474 Stephanum
364 2432 424 2464 sibi
453 2432 547 2464 litem
575 2432 739 2464 intendere
767 2442 830 2464 non
859 2441 1025 2466 ausurum.
1071 2430 1151 2462 Cum
1175 2440 1223 2471 ea,
1247 2440 1328 2471 quae
1350 2431 1384 2462 in
1406 2432 1552 2464 oratione

134 2486 287 2517 continuo
301 2488 493 2526 sequuntur,
511 2485 682 2526 diligenter
696 2487 895 2526 reputamus,
919 2483 1083 2526 posterius
1098 2482 1373 2516 x‘erisimiIMum
1388 2484 1435 2518 fit.
1464 2484 1550 2517 Nam

133 2544 306 2571 accusatus
328 2549 348 2572 a
369 2539 535 2581 Stephano
558 2539 665 2571 dotem
688 2539 862 2573 reddidit.“
