1709 2851
677 131 992 187 .-43-

152 236 260 286 quod
299 237 456 286 gravius
493 239 562 284 est,
596 247 685 274 cum
723 247 793 286 per
830 236 954 283 legem
988 235 1173 273 adniteris
1198 247 1310 273 sacra
1335 234 1491 283 publiea
1517 246 1566 272 ne

160 303 330 350 speetu-e
358 300 513 349 quidem
541 300 685 348 liceret,
712 300 780 336 illa
807 300 890 349 ipsa
917 310 1026 337 saera
1051 299 1203 347 fecerat,
1232 310 1332 348 quae
1354 307 1472 348 quam
1499 309 1566 335 an—

152 364 263 413 tiqua
291 366 331 401 et
360 367 491 402 sancta
515 366 657 412 essent,
682 366 810 402 orator
837 364 861 412 ἓ
891 366 942 402 74
969 375 1025 413 sq.
1053 362 1244 401 disseruit„

261 426 505 477 Quamquam
541 428 662 477 igitur
689 428 774 464 sine
803 427 922 465 dubio
949 430 1036 477 apte
1070 427 1136 464 lex
1164 427 1278 463 allata
1304 430 1372 474 est,
1400 437 1481 464 non
1508 427 1566 463 vi-

151 491 236 539 deo,
259 503 377 541 quam
398 491 448 529 ob
471 503 553 530 rem
576 491 729 538 rhetori,
752 491 801 529 de
823 503 902 541 quo
914 492 1000 529 Van
1024 491 1099 529 den
1121 489 1174 529 Es
1197 491 1300 537 dicit,
1329 492 1370 528 in
1397 494 1565 529 mentem

156 557 291 593 venire
318 557 496 605 potuerit,
534 559 578 592 ut
599 556 675 605 illa,
704 560 804 606 quae
825 557 866 593 in
888 555 1138 605 paragraphis
1161 556 1223 601 85,
1253 556 1314 599 86,
1344 556 1393 592 87
1422 555 1566 602 insunt,

155 619 329 670 fingeret.
384 619 523 669 Neque
552 620 655 658 enim
684 624 750 658 aut
777 621 817 657 in
845 621 970 670 priore
1004 613 1186 657 orationis
1209 623 1316 669 parte
1345 624 1412 657 aut
1438 620 1481 656 in
1507 620 1567 665 iis,

154 695 253 732 quae
293 686 532 732 sequuntur,
573 684 785 733 quidquam
823 684 1034 733 reperitur,
1080 684 1185 733 quod
1225 684 1273 721 ad
1310 684 1410 720 hanc
1441 683 1566 732 legem

153 751 310 797 spectet.

709 879 879 964 capuit
910 898 1008 946 111.

628 983 681 1023 ne
721 983 870 1023 ceteris
907 981 1098 1024 fou-muns.

465 1082 494 1118 1.
551 1078 609 1118 De
637 1080 721 1117 iure
748 1080 912 1117 iurando
941 1093 975 1130 p.
1009 1082 1109 1118 1371
1143 1081 1165 1128 ἓ
1197 1082 1256 1117 78.

261 1149 454 1200 Ἄγιστεύω
489 1155 552 1191 καὶ
590 1153 670 1202 εἰμὶ
706 1152 864 1204 καθαρὰ
898 1155 962 1191 καὶ
999 1151 1090 1206 ἁγνὴ
1120 1150 1201 1192 ἀπὸ
1237 1156 1314 1204 τῶν
1341 1151 1466 1192 ἄλλων
1493 1156 1570 1192 τῶν

155 1213 200 1255 οὐ
248 1215 546 1268 καθαρευόντων
581 1220 643 1258 καὶ
687 1215 765 1257 ἄπ’
802 1215 937 1269 ἀνδρὸς
973 1223 1179 1266 συνουσίας,
1221 1220 1285 1257 καὶ
1323 1217 1373 1256 τὰ
1411 1216 1569 1266 θεόγνια

156 1283 221 1319 καὶ
249 1281 299 1319 τὰ
323 1280 520 1332 ἰοβάκχεια
543 1285 689 1333 γεραρῶ
717 1286 771 1334 τῷ
782 1281 953 1337 Διονύσῳ
976 1281 1076 1321 κατὰ
1098 1281 1147 1320 τὰ
1171 1281 1317 1332 πάτρια
1341 1284 1405 1321 καὶ
1427 1280 1470 1320 ἐν
1490 1288 1571 1325 τοῖς

160 1343 373 1397 καθήκουσι
400 1345 555 1396 χρόνοις.

266 1412 357 1448 Iure
390 1411 552 1449 iurando
586 1412 658 1449 hoc
706 1412 939 1460 sacerdotes,
984 1423 1083 1461 quae
1116 1414 1275 1461 γεραραί
1324 1411 1567 1460 vocabantur,

156 1474 386 1524 >priusquam
432 1488 539 1513 sacra
585 1479 802 1526 tangerent,
850 1488 873 1513 a
904 1477 1006 1526 regis
1039 1489 1162 1514 uxore
1190 1477 1452 1526 adigebantur.
1509 1474 1567 1513 De

161 1550 206 1575 eo
234 1539 421 1577 iudicium
459 1540 584 1578 facere
619 1539 888 1577 difficillimum
923 1543 990 1587 est,
1026 1551 1126 1589 cum,
1164 1541 1267 1589 quod
1296 1542 1426 1587 sciam,
1458 1540 1566 1578 nullo

159 1602 235 1639 alio
262 1603 345 1640 loco
374 1604 457 1641 eius
485 1605 629 1641 mentio
657 1603 732 1641 fiat.
788 1603 851 1641 Ex
878 1602 1006 1641 verbis
1026 1604 1058 1652 §
1088 1605 1138 1642 78
1167 1603 1229 1640 ἵνα
1257 1604 1321 1641 καὶ
1357 1605 1426 1641 τοῦ
1453 1599 1567 1653 ὅρκου

157 1666 222 1703 καὶ
256 1668 333 1704 τῶν
368 1667 581 1716 λεγομένων
604 1664 799 1720 ἀκούσητε,
836 1664 917 1705 ὅσα
945 1662 1095 1705 οἶόντ
1114 1664 1126 1678 ²
1155 1665 1283 1705 ἐστὶν
1311 1664 1502 1706 ἀκούειν
1530 1673 1567 1707 et

159 1731 182 1779 ξ
214 1731 264 1769 79
299 1734 370 1769 τοῦ
403 1728 517 1781 ὅρκου
556 1733 621 1770 καὶ
658 1733 735 1770 τῶν
770 1733 1027 1780 νομιζομένων
1065 1735 1252 1781 πατρίων,
1280 1728 1302 1769 ὅ
1311 1743 1364 1769 σα
1392 1725 1494 1769 οἷόν
1520 1728 1566 1769 τ’

158 1791 288 1846 ἐστὶν
316 1794 502 1843 εἰπεῖν,
541 1792 730 1848 ἀκηκόατε
764 1796 865 1835 effici
893 1800 997 1847 puto,
1036 1809 1115 1834 non
1143 1801 1268 1835 totum
1296 1796 1566 1834 iusiurandum

158 1871 182 1896 a
203 1859 330 1897 scriba
353 1872 434 1899 esse
455 1863 667 1900 recitatum.
722 1860 858 1910 Neque
879 1862 1000 1910 igitur
1021 1873 1107 1898 meo
1130 1861 1274 1898 iudicio
1298 1873 1386 1898 cum
1408 1859 1567 1898 Momm—

158 1923 266 1960 senio
282 1922 311 1972 l)
338 1925 379 1961 in
415 1935 459 1962 eo
496 1924 688 1963 offendere
716 1925 815 1971 lieet,
845 1924 948 1975 quod
978 1924 1174 1973 nonnulla,
1203 1937 1301 1975 quae
1327 1926 1368 1962 in
1396 1925 1480 1963 iure
1508 1926 1568 1963 iu-

159 1987 281 2025 rando
314 1987 439 2027 inesse
472 1988 605 2037 solent,
633 1990 675 2026 in
707 1989 873 2027 formula
898 1989 968 2026 illa
995 2001 1071 2026 non
1100 1991 1353 2039 reperiuntur.

268 2050 427 2089 Codices
466 2051 497 2089 F
535 2054 569 2090 Σ
603 2056 639 2089 Φ
667 2064 802 2090 vocem
829 2050 988 2099 θεόγνια
1017 2048 1213 2102 praebent,
1249 2054 1365 2091 ceteri
1392 2054 1565 2100 θεοίνιας

158 2118 291 2153 utrum
324 2115 616 2166 praeferendum
651 2118 717 2166 sit,
758 2116 968 2155 diiudicare
1006 2128 1086 2155 non
1125 2117 1256 2155 audeo.
1327 2116 1441 2167 Apud
1467 2114 1568 2155 Har-

159 2179 421 2227 pocrationem
451 2192 479 2219 S.
507 2193 541 2216 v.
570 2183 742 2218 θεοίνιον
769 2182 865 2219 haec
891 2181 1168 2218 inveniuntur:
1211 2178 1259 2216 τὰ
1292 2177 1391 2216 κατὰ
1424 2176 1568 2229 δήμους

158 2239 342 2281 Διονύσια
374 2238 531 2283 Θεοίνια
559 2241 720 2294 ἐλέγετο,
743 2241 786 2283 ἕν
812 2237 870 2287 οἷς
898 2243 935 2281 οἱ
962 2246 1138 2296 γεννῆται
1166 2241 1339 2281 ἐπέθυον
1366 2254 1375 2262 ·
1402 2241 1472 2280 τὸν
1497 2241 1569 2292 γὰρ

158 2302 345 2345 Διόνυσον
376 2309 532 2346 θέοινον
564 2306 702 2364 ἔλεγον.
758 2308 977 2358 Hesychius
1011 2321 1144 2347 vocem
1182 2309 1237 2346 sic
1277 2309 1566 2358 interpretatur:

159 2373 278 2409 θυσία
305 2369 494 2410 Διονύσου
522 2367 718 2424 Ἀθήνησιν
750 2373 827 2421 (καὶ
854 2371 949 2416 θεὸς
986 2375 1137 2415 θέοινος
1163 2369 1360 2420 Διόνυσος)
1388 2372 1570 2422 idemque

159 2438 188 2476 s.
215 2448 249 2475 V.
279 2431 467 2486 Ἰόβακχος
495 2438 672 2488 praebet:
702 2433 722 2474 ὁ
751 2435 933 2481 Διόνυσος
957 2433 1037 2475 ἀπὸ
1065 2439 1132 2488 τῆς
1158 2439 1347 2486 βακχείας.

202 2539 206 2543 ’
247 2544 272 2584 ²)
295 2543 498 2585 Heortologie
521 2553 594 2586 pag.
616 2547 680 2577 358
702 2546 810 2576 annot.
