1709 2851
692 160 958 197 -25—

107 265 307 304 confessus
346 269 444 314 erat,
483 278 573 304 cum
607 266 746 304 iurare·
772 277 848 303 non
889 266 1064 314 auderet,
1102 265 1236 303 Phano
1272 277 1357 304 esse
1390 267 1526 304 civem.

110 329 285 368 Primum
312 330 433 381 igitur
455 329 600 378 dubito,
627 341 724 367 num
746 328 930 367 Phrastor
957 329 1029 367 hoc
1049 330 1181 368 testari
1208 329 1382 368 voluerit.
1430 329 1527 368 Tum

110 395 145 432 si
172 393 426 442 Brytidarum
454 395 718 432 testimonium
749 394 804 431 ita
840 395 1093 443 compositum
1132 398 1231 442 erat,
1266 398 1311 431 ut
1344 395 1437 432 inde
1464 407 1529 443 ap-

109 461 269 509 pareret,
289 457 533 497 Phrastorem
548 458 652 509 leges
673 457 889 507 violavisse,
906 458 1121 509 periculum
1142 462 1234 508 erat,
1258 470 1308 498 ne
1326 462 1528 510 propterea

109 525 153 562 in
190 524 380 563 iudicium
415 527 636 572 vocaretur;
672 535 763 561 nam
796 524 902 561 haud
937 524 1052 561 dubie
1085 525 1328 573 aliquantum
1360 525 1528 571 interest,

111 590 243 625 utrum
282 590 410 625 orator
447 587 537 624 talia
575 587 755 636 proferat,
800 598 849 624 an
888 598 934 625 ea
971 588 1202 625 testimoniis
1242 587 1528 625 confirmentur.

108 651 258 690 Idcirco
293 652 413 702 igitur
443 663 531 689 mea
566 652 756 698 sententia
788 654 934 700 orator,
969 652 1037 701 qui
1074 653 1152 689 iam
1185 653 1228 689 in
1263 650 1528 701 componendo

109 716 237 765 priore
276 716 494 753 testimonio
538 715 778 753 Phrastorem
825 715 1072 765 indulgenter
1110 719 1355 765 tractaverat,
1401 726 1529 765 neque

110 792 201 819 eum
223 781 352 830 ipsum
386 780 434 817 ad
457 780 722 817 testimonium
746 779 952 817 dicendum
974 781 1127 817 vocavit
1154 783 1191 818 et
1212 781 1253 817 in
1276 780 1528 828 Brytidarum

108 838 329 883 testimonio
353 855 545 882 summam
567 847 719 881 tantum
740 855 880 893 rerum,
905 855 1004 893 quae
1026 844 1148 882 factae
1172 848 1291 892 erant,
1313 844 1526 893 inscripsit:

108 908 292 957 Brytidas
319 902 565 946 Phrastorem
592 908 854 957 prohibuisse,
888 900 1099 958 quominus
1136 908 1261 945 filium
1298 909 1339 945 in
1372 911 1527 958 gentem

107 972 318 1011 induceret.
331 974 359 1020 1)

215 1035 261 1074 Id
288 1038 409 1087 igitur
437 1037 623 1087 explicari
650 1040 786 1087 potest,
817 1049 888 1075 cur
916 1040 1044 1074 orator
1070 1038 1153 1087 ipse
1181 1037 1445 1074 testimonium
1473 1037 1527 1074 ita

110 1101 386 1151 composuerit,
423 1101 490 1138 sed
530 1113 609 1139 non
637 1101 768 1150 video,
809 1113 886 1150 qua
925 1101 973 1138 de
1012 1112 1128 1138 causa
1162 1100 1362 1138 falsarium
1395 1111 1527 1137 rerum

110 1165 213 1215 apud
241 1166 443 1204 diaetetam
465 1168 638 1203 actarum
661 1166 896 1203 mentionem
918 1177 997 1203 non
1019 1165 1153 1203 fecisse
1177 1165 1367 1212 dIcamus3
1394 1176 1523 1214 quam-

112 1231 170 1267 vis
198 1231 300 1268 enim
322 1229 570 1279 indiligenter
596 1230 808 1281 perlegeret
832 1241 930 1280 quae
959 1229 1192 1268 antecedunt
1219 1241 1265 1267 ac
1289 1240 1388 1279 quae
1412 1240 1525 1279 sequ-

111 1297 231 1331 untur
259 1294 338 1342 (cfr.
368 1294 415 1342 ἓξ
445 1295 507 1339 62,
535 1295 620 1342 63),
651 1294 785 1343 fugere
819 1305 907 1331 eum
940 1305 1019 1331 non
1054 1296 1219 1343 poterat,
1253 1297 1443 1331 oratorem
1477 1293 1524 1329 iis

111 1370 292 1407 magnam
319 1359 398 1395 vim
427 1354 609 1395 tribuere.
668 1350 671 1353 ¹

218 1422 391 1472 Denique
433 1420 752 1460 Westermannus
790 1423 833 1459 in
868 1421 1095 1471 ambagibus
1136 1421 1344 1459 verborum
1381 1435 1524 1472 μαρτυ-

110 1487 241 1533 ροῦσιν
260 1480 360 1522 εἶναι
386 1484 451 1521 καὶ
480 1480 620 1527 αὐτοὺς
645 1486 710 1522 καὶ
735 1482 941 1536 Φράστορα
958 1483 1027 1522 τὸν
1047 1483 1213 1532 Αἰγιλιέα
1236 1488 1312 1523 τῶν
1328 1489 1526 1537 γεννητῶν,

110 1548 151 1587 οἳ
176 1549 381 1603 καλοῆνται
402 1549 587 1598 Βρυτίδαι
610 1550 776 1588 offendit.
833 1550 905 1588 Cui
927 1551 1124 1598 assentior,
1148 1550 1334 1588 Meierum
1358 1551 1453 1589 falso
1479 1552 1525 1589 de

111 1615 160 1652 iis
187 1615 281 1652 haec
309 1615 567 1652 annotavisse:
618 1615 768 1663 „Testes
803 1615 906 1664 quod
933 1616 976 1652 in
1003 1619 1118 1664 gente
1163 1627 1233 1652 sua
1272 1616 1524 1664 significanda

111 1678 226 1716 tantis
254 1681 420 1716 utuntur
444 1679 649 1717 verborum
685 1678 914 1730 ambagibus
940 1679 1139 1730 probabile
1166 1678 1268 1728 facit,
1296 1691 1437 1718 nomen
1461 1686 1528 1719 aut

113 1755 194 1779 non
222 1743 431 1781 admodum
470 1745 509 1780 in
551 1755 627 1781 usu
661 1744 780 1782 fuisse
814 1748 881 1781 aut
914 1744 1097 1781 habuisse
1125 1744 1292 1793 aliquid,
1333 1744 1436 1793 quod
1471 1745 1527 1782 rei

112 1808 267 1845 veritati
313 1809 576 1857 repugnaret.“
648 1808 724 1846 Sed
761 1809 944 1857 quoniam
982 1808 1163 1856 vidimus,
1210 1808 1306 1846 tales
1345 1808 1526 1858 ambages

111 1871 225 1908 huius
254 1872 414 1909 oratoris
450 1873 623 1922 proprias
657 1883 756 1921 esse,
792 1875 942 1910 tantum
975 1871 1099 1921 abest,
1132 1875 1176 1910 ut
1203 1871 1521 1910 Westermannus

111 1934 231 1972 verba
268 1936 335 1974 illa
371 1936 419 1974 ad
460 1937 723 1974 auctoritatem
756 1937 964 1974 testimonii
997 1936 1303 1986 impugnandam
1330 1939 1432 1974 recte
1460 1936 1524 1973 ad-

111 1998 292 2048 hibuerit,
320 2003 364 2037 ut
391 2001 440 2038 iis
467 2001 561 2048 ipsis
588 2000 747 2038 fortasse
775 2000 985 2038 testimonii
1011 1999 1108 2038 fides
1136 2003 1334 2050 augeatur.

429 2111 488 2146 11.
543 2091 601 2146 De
629 2109 847 2145 testimonio
876 2120 911 2157 p.
944 2096 1046 2145 1368
1075 2108 1097 2156 ξ
1129 2109 1188 2146 71.

217 2193 456 2242 Ναυσίφιλος
504 2194 750 2246 Κεφαλῆθεν,
796 2188 1057 2244 Ἀριστόμαχος
1095 2193 1255 2242 Κεφαλ7
1258 2196 1330 2231 θεν
1382 2207 1525 2244 μαρτι-

81 2259 238 2313 -ροῦσιν
276 2255 452 2307 ἕγγυηται
496 2260 672 2305 γενέσθαι
718 2254 942 2296 Ἐπαινετου
990 2259 1060 2295 τοῦ
1104 2254 1283 2307 Ανδρίου,
1336 2254 1393 2294 ὅτ’
1449 2255 1525 2308 ἔφη

108 2323 303 2370 Στέφανος
329 2319 465 2400 ιιοιχὸν
492 2320 690 2374 εἰληφεναι
718 2318 942 2361 Ἐπαίνετον
964 2322 1028 2359 καὶ
1050 2319 1187 2373 επειδὴ
1211 2319 1374 2372 ἐξῆλθεν
1396 2317 1524 2360 ’ἱΕπαι

218 2428 243 2469 ²)
267 2426 329 2459 Cfr.
354 2437 437 2468 quae
459 2428 524 2460 iam
553 2438 652 2470 supra
685 2439 726 2460 ex
753 2428 926 2460 Aeschinis
948 2428 1136 2466 Timarchea
1159 2428 1177 2467 ξ
1201 2431 1242 2460 45
1270 2428 1407 2468 protuli:
1443 2424 1524 2460 αὐτὸ

105 2480 170 2524 μὲν
193 2483 258 2523 γίρ
286 2478 430 2524 τοῦνομα
461 2484 519 2513 τοῦ
554 2482 652 2526 ἔργου
684 2480 700 2512 ὃ
732 2481 881 2526 ἔπραττε,
916 2480 999 2526 πρὸς
1027 2484 1141 2513 τοῦτον
1175 2477 1234 2513 οἰκ
1268 2480 1427 2526 ἐγγράφω
1450 2478 1523 2514 οὐδ’

107 2532 360 2579 ἅλλοῆγέγραφα
383 2530 487 2574 οῦδὲν,
513 2533 530 2566 ὃ
555 2533 730 2578 ἐπιζήμιόν
752 2535 841 2567 ἐστιν
864 2534 900 2567 ἐκ
917 2537 981 2567 τῶν
995 2533 1108 2578 νόμων
1132 2537 1176 2579 τῷ
1193 2531 1334 2578 τ’ἇληθῆ
1355 2535 1524 2582 μαρτυρή-

111 2599 214 2620 σαντι.

1575 1676 1590 1693 0
