1709 2851
734 50 1001 106 442..

135 174 371 214 -Aesehines
398 175 441 212 in
470 173 654 213 Oratione
679 175 720 212 in
754 173 999 213 Timarchum
1033 187 1069 225 p.
1099 176 1152 213 26
1190 176 1216 224 ξ
1246 177 1321 215 183
1351 177 1399 215 de
1442 176 1576 226 poenis

158 237 422 278 adulterarum
454 236 618 283 disserit,
654 238 867 288 quidquam
900 238 1090 277 eiusmodi
1127 239 1339 279 invenitur.
1370 239 1503 289 ·Nam,
1530 244 1583 278 ut-

158 313 278 351 supra
310 301 413 350 dixi,
445 301 613 340 formula
646 302 717 341 illa
751 314 845 353 pars
874 303 971 353 legis
1012 306 1070 341 est
1108 306 1161 341 et·
1184 303 1310 341 scriba
1343 315 1388 342 ea
1425 308 1575 342 tantum

163 366 314 413 recitat,
353 376 452 414 quae
487 365 536 403 ad
571 365 730 409 Phanus
766 366 905 405 delicta
937 366 1140 417 pertinent.
1202 365 1260 404 Ea
1297 367 1438 418 igitur,
1477 379 1578 418 quae

158 429 363 469 Aeschinis
391 431 513 472 oratio
541 430 674 468 habet:
706 427 777 481 τὴν
804 429 875 479 γὰρ
902 435 1070 477 γυναῖκα,
1098 426 1162 477 ἐφ’
1189 419 1215 481 ᾗ
1243 427 1291 466 ἄν
1318 426 1400 481 ἁλῷ
1432 428 1574 478 μοιχός,

158 488 228 529 οὐκ
255 489 303 543 ἐᾷ
324 494 557 541 κοσμεῖσθαι
585 524 592 531 .
617 524 625 532 .
654 525 661 533 .
692 491 773 531 ἐὰν·
789 494 831 532 δὲ
852 496 1049 546 κοσμῆται,
1087 491 1169 532 τὸν.
1186 490 1393 541 ἐντυχόντα
1426 492 1576 533 κελεύει

159 554 466 608 καταρρηγνύναι
501 556 550 596 τὰ
583 555 719 606 ἱμάτια
748 559 813 596 καὶ
839 557 910 595 τὸν
935 556 1078 606 κόσμον
1105 555 1451 607 ἀφαιρεῖσθαι-καὶ
1478 555 1574 597 τύπ-

159 633 241 658 τειν
269 618 493 671 εἰργόμενον
519 618 697 660 θανάτου
724 622 789 660 καὶ
829 625 901 661 τοῦ
935 618 1137 674 ἀνάπηρον
1173 624 1342 674 ποιῆσαι,
1375 623 1418 660 in
1450 626 1574 673 poste-

163 688 266 725 riore
294 687 392 737 legis
420 691 528 737 parte
556 687 676 725 fuisse
703 691 876 736 possunt.
1193 709 1199 716 ·
1232 674 1237 679 ’

268 751 484 791 Aeschines
511 751 778 801 indiligentius
800 761 956 800 poenas,
985 750 1128 800 quibus
1150 752 1357 801 propositis
1379 750 1576 789 adulterae

159 827 204 853 se
240 826 431 854 exornare
464 819 501 854 et
541 815 684 864 quibus
722 816 763 852 in
797 825 906 853 sacra
946 814 1105 864 publiea
1142 815 1296 864 ingredi
1335 814 1577 863 vetabantur,

160 879 383 917 confudisse
422 879 586 926 videtur,
625 890 715 917 cum
762 878 810 917 de
848 882 1014 929 utroque
1051 878 1155 917 idem
1194 878 1347 930 legibus
1386 882 1571 919 statutum

161 956 245 983 esse
273 944 396 983 dicat:
426 941 494 980 ἐὰν
522 942 564 980 δὲ
587 941 680 993 εἷςίῃ
710 939 735 992 ἢ
763 945 962 993 κοσμῆται,
989 941 1058 979 τὸν
1085 939 1292 989 ἐντυχόντα
1326 941 1475 980 κελεύει
1499 972 1506 979 .
1531 973 1538 980 .
1565 971 1572 978 .

160 1005 380 1056 εἰργόμενον
414 1002 591 1044 θανάτου
628 1006 693 1043 καὶ
728 1008 803 1044 ’τοῦ
842 1002 1046 1057 ἀνάπηρον
1070 1004 1251 1058 ἷποιῆσαι.
1315 1007 1575 1057 Apollodorus

160 1073 265 1111 enim
293 1072 507 1113 adulteram
547 1072 588 1109 in
624 1071 742 1109 sacris
774 1070 941 1122 publicis
976 1070 1253 1121 deprehensam
1276 1071 1413 1121 quavis
1439 1082 1577 1121 poena,

159 1137 295 1174 mortis
333 1136 415 1175 sola
449 1139 620 1185 excepta,
653 1136 810 1174 multari
838 1125 949 1185 posse
985 1135 1079 1174 dicit
1105 1139 1144 1173 et
1169 1135 1210 1174 id
1239 1134 1300 1173 bis
1326 1139 1406 1173 tam
1435 1135 1575 1172 diserte

160 1200 327 1238 affirmat
363 1197 446 1248 (ἐὰν
482 1196 671 1242 δἐἰςίωσῐ
700 1231 708 1238 .
733 1229 741 1236 .
765 1231 773 1239 .
799 1230 805 1237 .
828 1200 1005 1250 νηποινεὶ
1040 1195 1204 1247 πάσχειν
1237 1195 1317 1237 ὑπὸ
1345 1200 1418 1237 ’τοῦ
1443 1198 1574 1248 βουλο-

158 1268 277 1312 μένου
307 1260 329 1302 ὅ
364 1279 403 1302 τι
438 1260 485 1301 ἂν
513 1261 642 1316 πάσχῃ
675 1263 778 1316 πλὴν
810 1261 988 1302 θανάτου
1026 1265 1212 1315 et·paulo
1246 1268 1332 1314 post
1360 1262 1422 1301 διὰ
1459 1265 1574 1300 τοῦτο

160 1326 209 1365 δ’
244 1327 428 1380 ἐποίησεν
462 1325 482 1365 ὁ
512 1325 638 1376 νόμος,
667 1326 771 1379 πλὴν
800 1324 988 1374 θανάτου,
1017 1325 1139 1366 τᾶλλα
1173 1324 1426 1378 ὑβρισθεῖσαν
1456 1323 1578 1378 αὐτὴν

159 1394 343 1444 μηδαμοῦ
370 1393 506 1442 λαβεῖν
534 1394 691 1443 δίκην),
726 1397 770 1430 ut
803 1397 904 1430 certe
936 1393 978 1429 in
1012 1393 1141 1430 verbis
1180 1392 1390 1430 formulae:
1427 1389 1496 1428 ἐὰν
1531 1388 1575 1428 δ’

159 1455 263 1508 εἷςίῃ,
297 1457 473 1508 νηποινεὶ
513 1459 693 1503 πασχέτω
735 1451 757 1492 ὅ
784 1447 842 1499 τἰ,
871 1452 917 1492 ἂν
958 1451 1087 1508 πάσχῃ
1124 1453 1228 1506 πλὴν
1273 1451 1449 1493 θανάτου
1496 1467 1575 1494 non

160 1509 435 1559 offendendum
464 1532 589 1570 neque
617 1521 716 1558 illud
746 1521 952 1560 Aeschinis
986 1521 1050 1558 καὶ
1083 1522 1154 1557 τοῦ
1189 1516 1391 1570 ἀνάπηρον
1418 1521 1577 1557 ποιῆσαι

161 1585 460 1623 desiderandum
489 1586 547 1622 sit.

266 1648 409 1697 Restat,
443 1652 486 1687 ut
515 1649 562 1688 de
591 1650 813 1687 coniectura
842 1643 1053 1699 disputem,
1091 1661 1168 1698 qua
1191 1648 1281 1686 Van
1310 1648 1384 1685 den
1413 1647 1466 1685 Es
1489 1660 1574 1699 pag.

160 1716 212 1752 37
240 1725 296 1764 sq.
327 1714 593 1752 auctoritatem
620 1714 719 1766 legis
746 1713 960 1754 labefacere
988 1713 1130 1760 studet;
1159 1713 1364 1752 formulam
1392 1713 1515 1763 ipsam
1538 1716 1576 1751 et

160 1779 322 1815 oratoris
352 1778 652 1830 explicationem
680 1779 727 1827 ἐξ
753 1779 815 1825 85,
857 1779 918 1825 86,
959 1779 1009 1815 87
1039 1790 1061 1815 a
1088 1778 1241 1815 rhetore
1271 1776 1440 1826 quodam
1467 1775 1578 1814 fictas

161 1846 197 1880 et
226 1843 390 1880 orationi
420 1843 582 1880 insertas
611 1853 694 1880 esse
723 1842 948 1892 suspicatur.
1006 1841 1294 1881 Nullam-enim
1316 1841 1459 1892 reperit
1487 1852 1576 1878 cau-

160 1919 254 1955 sam,
283 1918 354 1943 cur
381 1906 642 1957 Apollodorus
669 1906 735 1943 illa
763 1906 994 1955 exposuerit.
1050 1905 1132 1955 Ego
1162 1908 1351 1944 oratorem
1379 1904 1576 1955 aptissime

160 1971 283 2022 legem
313 1969 486 2008 attulisse
513 1973 619 2020 puto,
649 1981 725 2022 quo
753 1971 877 2021 magis
899 1973 1110 2021 appareret,
1139 1973 1374 2021 quantopere
1402 1980 1425 2006 a
1441 1967 1576 2007 Phano

161 2039 199 2073 et
228 2048 249 2072 a
280 2034 484 2084 Stephano,
523 2047 599 2083 quo
640 2037 796 2071 auctore
829 2035 958 2071 omnia
991 2034 1092 2071 facta
1131 2037 1250 2082 erant,
1285 2036 1418 2071 contra
1445 2032 1503 2071 fas
1531 2045 1577 2071 ac

160 2101 222 2137 ius
263 2101 391 2136 actum
429 2103 536 2138 esset.
597 2098 732 2136 Phano
772 2099 876 2135 enim
898 2100 1039 2137 ‘orator
1066 2097 1199 2136 eodem
1233 2097 1318 2135 loco
1348 2100 1386 2135 et
1413 2108 1576 2135 numero

165 2163 283 2202 habet
321 2173 412 2200 cum
460 2158 688 2201 mulieribus
726 2163 768 2200 in
807 2162 994 2200 adulterio
1031 2162 1287 2212 deprehensiS,
1316 2162 1500 2212 quoniam
1527 2161 1577 2199 ab

160 2227 360 2280 Epaeneto
389 2226 602 2264 adulterata
629 2230 711 2264 erat
738 2229 776 2263 et
802 2227 938 2264 matris
971 2236 1099 2263 mores
1122 2237 1290 2278 sequens
1312 2225 1576 2265 meretricium

161 2294 367 2344 quaestum
407 2289 559 2331 fecerat.
624 2289 757 2328 Priore
790 2291 910 2341 igitur
945 2291 1044 2343 legis
1071 2294 1179 2340 parte
1201 2291 1403 2341 provisum
1430 2292 1499 2339 est,
1527 2300 1578 2327 ne

161 2355 267 2393 cives
292 2362 381 2392 cum
410 2353 554 2392 talibus
581 2353 734 2392 feminis
761 2355 938 2393 viverent
967 2351 1144 2403 (ἐπειδᾶν
1177 2353 1219 2391 δὲ
1247 2351 1410 2408 ἕλῃῠτὸν
1430 2349 1576 2402 μοιχόν,

160 2417 216 2470 μὴ
243 2416 380 2463 ἐξέστω
419 2420 474 2469 τῷ
511 2413 637 2455 ἑλόντι
665 2423 852 2456 συνοικεῖν
878 2421 928 2471 τῇ
961 2420 1131 2467 γυναικί).
1195 2418 1413 2469 Stephanus
1446 2420 1577 2457 autem

160 2483 293 2521 Phano
322 2483 497 2522 archonti
525 2484 608 2533 regi
638 2484 714 2533 ipsi
742 2484 782 2520 in
811 2485 1104 2522 matrimonium
1131 2483 1297 2522 dederat.
1353 2479 1515 2532 Deinde,
1537 2483 1577 2521 id
