1709 2851
709 168 974 204 —47-

137 276 181 312 in
208 274 338 313 verbis
365 275 443 312 illis
471 274 736 312 difficultatem
763 275 890 311 inesse
913 284 1070 322 negans.
1133 273 1271 321 Neque
1310 273 1413 310 enim
1449 283 1551 309 com-

135 340 297 388 probare
325 349 492 388 possum,
521 338 626 387 quod
654 336 757 383 dicit,
784 336 901 375 verba
934 333 976 373 ἐκ
999 338 1131 391 γένους
1167 336 1216 374 ad
1243 347 1380 374 vocem
1415 332 1553 385 τελετή

134 402 256 440 solam
278 403 481 453 pertinere,
500 402 567 440 sed
579 413 665 439 mea
683 388 873 439 sententia
890 413 940 439 ex
958 401 1092 439 ordine
1103 401 1311 439 verborum
1324 397 1428 450 πλην
1439 398 1479 436 εἴ
1495 412 1551 441 τις

135 462 318 516 ἱερωσύνη
350 461 375 517 ἢ
413 461 555 515 τελετή
591 462 694 502 ἐστιν
731 462 773 502 ἐκ
806 467 934 512 γένους
972 464 1157 513 efficitur
1201 464 1266 502 illa
1305 464 1418 502 etiam
1460 476 1550 502 cum

135 541 232 568 voce
259 527 443 580 ἱερωσύνη
472 529 742 579 coniungenda
770 540 861 568 esse.

243 593 436 639 Quoniam
464 599 592 631 autem
619 593 826 631 formulam
854 594 1024 631 maxime
1051 594 1229 631 mutilam
1258 605 1340 630 esse
1367 593 1549 637 vidimus,

135 658 269 695 nescio
298 669 346 694 an
383 658 438 693 ita
475 656 691 694 difficultati
726 656 872 694 mederi
899 657 1102 706 possimus,
1136 659 1181 694 ut
1219 657 1334 693 etiam
1370 659 1457 705 post
1483 655 1550 692 illa

134 720 200 759 καὶ
227 716 340 758 ὁσίων
366 720 554 758 nonnulla
582 721 774 759 excidisse
797 721 1042 760 coniciamus.
1098 721 1291 770 Equidem
1306 720 1548 792 z[putaverim

137 785 179 821 in
207 785 359 822 decreto
387 785 537 834 integro
559 785 652 821 haec
672 784 752 822 fere
773 784 910 822 fuisse:
936 788 1113 831 μετεῖναι
1135 780 1267 826 αὐτοῖς
1290 781 1420 832 ὦνπερ
1444 778 1547 833 Ἀθη-

137 850 259 891 ναίοις
285 851 440 896 μὲτεοτι
467 845 635 894 πάντων,
663 848 727 884 καί
766 847 880 897 ἱερων
905 851 973 885 καί
998 845 1120 895 ὁσίων,
1151 845 1247 885 ἀλλὰ
1270 861 1326 895 μτ)
1347 849 1424 884 τῶν
1445 846 1548 893 ἱερω-

134 914 267 959 amah,
304 916 385 954 τοῖς
424 908 461 949 δ’
470 908 512 948 ἐκ
547 908 703 958 τούτων,
743 909 865 963 πλὴν·
875 910 918 949 εἴ
939 925 996 955 τις
1023 909 1206 964 ἱερωσύνη
1234 907 1258 964 ἢ
1286 907 1432 962 τελετή
1450 907 1550 948 ἐστιν

138 975 182 1014 ἐκ
209 979 347 1024 γένους.
413 976 474 1015 Ita
505 978 538 1015 si
567 977 741 1015 conicere
768 976 867 1025 lieet,
901 977 980 1025 illa,
1018 989 1117 1026 quae
1145 978 1167 1025 ξ
1199 979 1274 1015 106
1304 980 1340 1014 et
1367 977 1390 1024 ξ
1418 977 1469 1013 92
1498 976 1549 1012 10-

134 1043 276 1090 gimus‚
310 1052 388 1078 11011
428 1043 646 1090 repugnant
679 1040 808 1078 verbis
839 1040 1038 1079 formulae.
1107 1040 1307 1091 Quidquid
1344 1043 1472 1077 autem
1502 1039 1547 1076 de

136 1105 185 1141 iis
212 1104 465 1141 iudicandum
493 1108 559 1149 est,
590 1105 735 1141 falsarii
764 1116 808 1141 ea
836 1116 915 1141 non
944 1115 1026 1141 esse
1048 1106 1144 1141 mihi
1166 1105 1357 1141 videntur.
1414 1103 1550 1151 Neque

135 1168 240 1204 enim
278 1178 365 1204 meo
393 1167 537 1204 iudicio
565 1167 751 1204 'falsarius
780 1166 995 1216 quidquam
1023 1167 1247 1217 scripsisset,
1277 1167 1381 1216 quod
1410 1166 1550 1216 apertis

143 1232 304 1268 oratoris
337 1232 461 1280 ipsius
488 1231 617 1269 verbis
660 1232 895 1269 contrarium
929 1234 1049 1278 esset3
1090 1242 1218 1280 neque
1247 1231 1389 1281 opponi
1416 1233 1549 1280 potest,

134 1294 330 1332 falsarium
356 1296 515 1333 oratoris
538 1295 834 1345 explicationem
856 1295 904 1344 ἐξ
926 1297 1013 1344 105,
1040 1296 1114 1334 106
1139 1296 1296 1333 0111111110
1320 1294 1549 1344 neglexisse,

136 1371 227 1396 cum
259 1359 327 1396 illa
363 1359 427 1395 καὶ
462 1354 622 1407 ὕστερον
664 1355 731 1395 οὐκ
763 1356 810 1408 ἐᾷ
844 1361 1038 1405 γίγνεσθαι
1075 1355 1275 1409 Ἀθηναῖοι)
1320 1356 1462 1402 ἐξεῖναι
1508 1354 1549 1399 ὃς

137 1418 188 1458 ἂν
213 1419 269 1473 μὴ
297 1423 367 1458 νῦν
393 1424 546 1473 γένηται
574 1423 614 1459 111
644 1423 795 1460 decreto
828 1423 1088 1462 inveniantur.

247 1603 580 1641 Demonstravisse
626 1603 720 1639 mihi
755 1603 899 1650 videor,
923 1614 998 1651 ,ea‚
1034 1615 1132 1652 quae
1166 1604 1238 1639 viri
1272 1604 1373 1639 docti
1414 1606 1546 1639 contra

135 1666 255 1705 fidem
276 1667 529 1704 formularum
552 1655 807 1716 protulerunt,
835 1678 932 1716 quae
960 1667 1001 1704 in
1024 1668 1196 1705 oratione
1219 1668 1403 1705 adversus
1425 1666 1462 1704 N
1464 1678 1545 1704 eae-

136 1743 221 1769 ram
254 1735 417 1776 exstant,
452 1734 519 1768 aut
545 1731 692 1769 nulh'us
721 1735 787 1768 aut
814 1743 892 1768 non
920 1732 1053 1780 magni
1080 1743 1162 1769 esse
1189 1733 1384 1769 momenti.
1447 1730 1549 1775 Quo-

136 1795 241 1832 niam
279 1798 409 1833 autem
446 1794 625 1832 omnibus
668 1794 786 1832 huius
820 1794 1003 1832 orationis
1037 1794 1117 1832 litis
1150 1795 1415 1833 instrumentis
1457 1794 1548 1833 sub-

135 1859 347 1908 scriptione
375 1859 658 1914 sticiiometrica
685 1858 780 1897 fides
809 1859 1036 1896 conciliatur
1072 1866 1108 1896 et
1135 1859 1410 1896 nonnullorum
1444 1860 1548 1896 testi-

136 1923 355 1960 moniorum
379 1923 584 1960 auctoritas
608 1923 828 1961 certissimis
851 1923 1087 1973 argumentis
1098 1922 1357 1969 confirmatur,
1378 1923 1548 1961 dubitari

136 1998 217 2024 non
241 1990 376 2036 potest,
399 1988 495 2036 quin
518 1991 663 2025 ceterae
686 1998 842 2036 quoque
863 1987 1062 2034 formulae,
1091 1999 1186 2036 quas
1209 1987 1256 2024 ab
1280 1987 1414 2024 eodem
1433 1991 1547 2036 atque

136 2051 355 2088 testimonia
376 2051 443 2088 illa
465 2052 627 2089 orationi
650 2052 815 2089 insertas
837 2062 919 2089 esse
943 2041 1244 2089 consentaneum
1267 2057 1333 2097 est,
1356 2051 1549 2100 genuinae

136 2116 215 2152 sint
242 2116 531 2153 existimandae.
