1709 2851
726 131 991 168 —17-

152 243 278 290 rebus,
307 240 407 289 quae
433 238 744 276 incontroversia
762 237 1027 286 versabantur,
1053 236 1305 275 iudicandum
1318 240 1427 275 esset.
1468 235 1566 274 Cum

157 307 277 358 igitur
299 303 474 353 Phrynio
499 302 575 341 duo
598 301 789 353 Stephano
812 303 964 341 crimini
986 302 1164 347 dedisset,
1192 301 1240 340 de
1263 304 1427 351 utroque
1450 313 1567 351 quae·

153 373 317 409 stionem
343 368 599 404 instituerunt
637 371 676 404 et
714 366 818 415 quod
845 366 893 403 ad
922 367 1031 415 prius
1067 366 1166 403 illud
1195 366 1340 414 attinet,
1373 364 1564 403 Neaeram

155 445 238 473 esse
264 432 428 472 liberam
456 434 721 481 cognoverunt
759 434 876 480 atque
902 431 1192 477 indicaverunt3
1232 430 1305 468 hoc
1342 431 1462 480 igitur
1487 441 1566 467 non

152 509 251 548 pars,
279 496 345 534 sed
365 499 563 544 tamquam
584 494 879 532 fundamentum
906 495 1094 544 pactionis
1123 497 1189 532 est.
1245 494 1342 532 Tum
1363 493 1564 543 Neaeram,

153 574 242 600 cum
271 572 321 599 ex
350 560 463 598 domo
493 558 729 608 Phrynionis
755 559 923 609 fugeret,
951 558 1152 606 nonnulla,
1186 570 1284 608 quae
1311 559 1418 598 illius
1445 563 1565 607 erant,

155 637 285 663 secum
316 624 521 662 abstulisse
549 624 801 661 convicerunt
836 634 998 672 eamque
1026 623 1150 672 ipsam
1177 622 1276 662 haec,
1299 622 1460 660 reddere
1486 623 1566 660 ius-

153 691 293 727 serunt.
351 687 392 726 Si
420 691 561 736 autem,
588 691 632 725 ut
664 699 781 737 supra
810 687 908 735 dixi,
936 686 1148 733 διαλλαγῶν
1184 686 1348 724 formula
1384 688 1567 725 constitui

153 752 308 799 solebat,
338 752 431 801 quid
454 751 700 800 litigantibus
722 750 1047 788 reconciliationis
1070 761 1186 787 causa
1207 750 1424 788 faciendum
1453 755 1563 800 esset,

152 817 234 865 hoc,
262 828 352 853 cum
380 815 429 852 ad
451 814 688 864 Stephanum
706 816 836 864 ipsum
858 826 937 852 non
956 815 1174 864 pertineret,
1202 826 1280 851 non
1303 815 1425 864 magis
1449 827 1565 864 quam

152 881 260 930 prius
282 879 382 916 illud
410 880 446 916 ei
473 879 574 916 adici
601 882 757 928 poterat.
797 897 810 912 ι

258 942 341 980 Lite
363 943 418 980 ita
440 943 649 980 diiudicata
671 942 855 980 diaetctae
877 942 917 979 id
941 945 1218 992 spectaverunt,
1243 941 1346 991 quod
1368 954 1566 980 summum

153 1019 286 1045 eorum
313 1018 458 1045 munus
486 1010 577 1055 erat,
605 1010 648 1044 ut
675 1006 912 1057 Stephanum
944 1018 988 1044 ac
1016 1006 1280 1053 Phrynionem
1307 1007 1409 1044 inter
1435 1018 1477 1045 se
1504 1019 1564 1045 re-

154 1071 405 1109 conciliarent
442 1085 451 1118 ;
481 1072 521 1109 id
549 1072 675 1121 ipsum
704 1075 849 1120 autem,
878 1071 982 1120 quod
1009 1072 1059 1108 iis
1088 1071 1310 1109 auctoribus
1338 1074 1448 1121 pacto
1478 1083 1568 1109 con-

154 1137 269 1185 venit,
297 1136 340 1173 in
370 1135 534 1173 formula
561 1135 628 1173 illa
654 1136 828 1185 legimus.

261 1200 407 1237 Eadem
447 1201 595 1237 ratione
635 1201 748 1237 etiam
789 1200 906 1237 altera
933 1200 1097 1237 formula
1125 1199 1352 1247 διαλλαγῶν,
1393 1211 1492 1249 quae
1527 1201 1567 1236 in

154 1265 326 1302 oratione
356 1264 378 1312 ξ
404 1266 450 1302 71
483 1267 619 1313 exstat,
646 1265 823 1301 instituta
850 1267 923 1310 est3
952 1265 994 1301 in
1023 1276 1068 1302 ea
1095 1265 1197 1302 enim
1226 1276 1304 1301 non
1332 1265 1566 1312 invenimus,

155 1329 248 1378 quid
284 1329 331 1366 de
359 1328 424 1366 lite
446 1329 530 1377 ipsa
556 1329 657 1366 inter
678 1327 919 1377 Epaenetum
946 1340 990 1365 ac
1018 1327 1252 1378 Stephanum
1277 1331 1360 1365 orta
1383 1328 1566 1367 diaetetae

152 1393 415 1431 iudicaverint.
473 1391 570 1430 Cum
599 1396 727 1430 autem
749 1392 969 1442 Epaenetus
998 1393 1241 1441 defendIsset,
1268 1393 1470 1431 moechum
1498 1405 1566 1430 no-

156 1458 296 1494 minari
325 1469 365 1495 se
393 1469 471 1494 non
494 1468 616 1507 posse,
647 1457 750 1506 quod
779 1456 913 1494 Phano
942 1456 1123 1504 Neaerae,
1151 1469 1230 1494 non
1254 1456 1438 1506 Stephani
1466 1463 1566 1495 esset

152 1521 232 1559 filia
259 1533 406 1571 eaeque
427 1521 687 1558 meretricium
711 1524 913 1570 quaestum
935 1521 1114 1570 facerent,
1142 1521 1245 1558 haud
1269 1521 1386 1559 dubie
1409 1533 1565 1559 necesse

153 1589 244 1637 erat,
275 1586 456 1624 diaetetas
484 1585 653 1635 primum
682 1585 729 1623 de
756 1585 828 1623 hac
855 1598 897 1624 re
925 1587 1153 1625 sententiam
1182 1586 1319 1625 dicere.

263 1650 338 1688 Sed
349 1651 516 1700 priorem
529 1650 846 1687 illamformulam
862 1650 1072 1697 διαλλαγῶν
1084 1662 1162 1688 non
1176 1663 1198 1688 a
1217 1650 1400 1699 diaetetis,
1428 1650 1495 1688 sed
1518 1650 1565 1687 ab

155 1718 302 1753 oratore
315 1716 561 1765 compositam
583 1726 665 1752 esse
682 1714 958 1753 contenderim.
1001 1713 1112 1760 Quod
1136 1718 1180 1753 ut
1202 1726 1378 1753 censeam
1400 1726 1567 1752 commo-

154 1790 244 1816 veor
271 1791 365 1817 voce
393 1779 458 1816 illa
485 1778 579 1826 οἵας,
615 1790 713 1828 quae
751 1779 793 1815 in
820 1780 1038 1816 testimonio
1077 1782 1136 1817 est
1177 1777 1260 1828 (τὰς
1295 1778 1337 1816 δὲ
1364 1778 1566 1825 διαλλαγὰς

154 1835 262 1888 εἶναι,
287 1838 381 1879 καθ’
405 1838 448 1885 ἃς
471 1839 685 1894 διήλλαξαν,
714 1840 798 1885 οἵας
820 1844 1033 1892 παρέχεται
1057 1840 1353 1892 Ἀπολλόδωρος).
1410 1842 1457 1881 Id
1484 1846 1567 1882 tan-

153 1909 236 1942 tum
258 1918 342 1943 meo
364 1908 508 1944 iudicio
538 1907 706 1944 dubitari
726 1911 862 1956 potest,
881 1911 1012 1944 utrum
1039 1910 1165 1944 orator
1187 1919 1243 1955 ea,
1273 1919 1371 1956 quae
1398 1907 1563 1946 formula

154 1970 341 2019 continet,
379 1982 428 2008 ex
458 1971 632 2020 pactione
661 1983 683 2008 a
711 1970 885 2008 diaetetis
913 1972 1128 2020 conscripta
1164 1972 1395 2021 excerpserit
1423 1983 1467 2009 ac
1494 1972 1569 2009 for-

153 2036 253 2070 tasse
280 2035 470 2072 nonnulla
506 2035 693 2083 omiserit,
730 2046 828 2084 quae
860 2035 1017 2073 levioris
1050 2036 1238 2073 momenti
1275 2038 1399 2084 erant,
1433 2038 1477 2073 ut
1502 2035 1569 2073 illa

151 2093 199 2133 τὰ
222 2092 256 2134 δ’
258 2094 460 2149 ἐπιτήδεια
488 2101 536 2151 τῇ
558 2094 756 2150 ἀνθρώπῳ
784 2097 852 2136 τὸν
874 2096 1009 2146 ἔχοντα
1033 2095 1094 2137 ἀεὶ
1121 2102 1315 2149 παρέχειν,
1338 2100 1402 2137 καὶ
1425 2096 1467 2137 ἐκ
1495 2101 1565 2137 τοῦ

152 2159 291 2198 λοιποῦ
317 2159 453 2211 χρόνου
481 2162 614 2211 φίλους
643 2158 743 2200 εἶναι
772 2159 947 2206 ἀλλήλοις
978 2164 1042 2200 καὶ
1070 2161 1124 2215 μὴ
1153 2169 1411 2215 μνησικακεῖν,
1448 2176 1498 2203 an
1526 2166 1567 2202 in

153 2224 219 2262 illa
252 2237 368 2265 causa
405 2228 592 2266 diaetetae
632 2229 848 2279 pactionem
880 2229 1002 2267 literis
1041 2241 1120 2267 non
1159 2230 1445 2278 mandaverint;
1489 2242 1569 2268 non

154 2289 255 2326 enim
278 2295 438 2340 constat,
459 2293 500 2330 id
518 2304 668 2342 semper
688 2293 831 2331 factum
855 2305 947 2331 esse.
982 2293 1079 2330 Mihi
1098 2295 1324 2343 pactionem,
1350 2306 1464 2344 quam
1488 2296 1568 2332 Ste-

153 2352 303 2401 phanus
331 2358 369 2392 et
385 2354 564 2404 ,Phrynio
600 2358 776 2405 inlerant,
800 2370 827 2394 va
855 2357 1028 2395 diaetetis
1051 2370 1131 2395 non
1155 2359 1419 2408 consignatam
1440 2358 1569 2407 fuisse,

152 2423 307 2465 propter
345 2420 427 2457 eius
463 2424 639 2458 naturam
668 2422 792 2470 magis
829 2421 1027 2470 probabile
1067 2422 1229 2473 videtur.
1289 2421 1427 2471 Neque
1466 2424 1569 2459 enim

152 2479 195 2516 in
223 2490 268 2519 ea
294 2484 365 2534 aut·
384 2480 602 2534 Stephanus
630 2487 695 2523 aut
720 2483 890 2534 Phrynio
920 2485 1013 2525 certi
1051 2485 1263 2536 quidquam
1303 2485 1428 2525 facere
1460 2485 1569 2525 iube-

154 2548 218 2582 tur
244 2548 289 2584 ut
310 2546 351 2582 in
375 2547 496 2587 altera
522 2551 700 2598 pactione
724 2550 746 2597 ξ
773 2551 820 2589 71
845 2550 1064 2601 Epaenetus
1085 2551 1189 2588 mille
1212 2550 1413 2590 drachmas
1436 2550 1570 2590 Phano

1353 2616 1377 2652 2
