1709 2851
716 104 981 141 —24-

135 209 358 259 massigkeit
380 209 449 247 der
470 208 698 260 Forderung
726 210 793 249 des
814 209 998 248 Phrastor
1019 222 1070 248 zu
1091 209 1295 258 beweisen,
1317 211 1400 249 und
1423 211 1554 249 diesen

136 272 288 311 Beweis
325 273 428 310 hatte
457 272 555 310 eben
591 273 719 311 dieser
747 274 866 312 selbst
892 273 1083 324 geliefert,
1121 274 1254 312 indem
1290 286 1333 313 er
1366 274 1441 312 den
1477 274 1558 312 ihm

137 348 215 375 von
238 336 325 375 dem
348 334 530 375 Diateten
550 340 836 388 angetragenen
858 337 944 386 Eid,
966 337 1064 376 nach
1082 338 1229 377 seinem
1248 337 1382 377 besten
1403 338 1559 378 Wissen

136 402 191 438 sei
208 401 278 439 der
293 400 431 439 Knabe
449 413 525 438 von
554 402 637 439 ihm
665 402 708 438 in
725 402 1020 452 rechtsgiiltiger
1037 402 1120 440 Ehe
1138 402 1209 439 mit
1236 402 1341 440 einer
1366 402 1559 454 Biirgerin

136 468 310 517 gezeugt,
340 465 530 504 ablehnte.
586 465 694 505 Kurz
722 466 879 516 hierauf,
909 467 980 506 auf
999 467 1061 505 die
1082 479 1152 505 vor
1179 466 1266 506 dem
1289 466 1467 506 Diateten
1494 480 1559 518 ge-

136 531 294 568 fiihrten
312 530 657 581 Verhandlungen,
674 531 772 568 wird
795 524 888 568 sich‘
900 531 962 569 die
986 532 1306 581 Zeugenaussage
1324 532 1559 570 namentlich

136 593 311 644 bezogen
347 594 490 643 haben,
526 595 629 633 denn
667 594 838 633 dadurch
877 596 980 633 ward
1018 599 1096 634 erst
1123 595 1227 645 klar,
1255 607 1335 633 was
1362 594 1557 634 bewiesen

136 658 292 696 werden
320 659 430 696 sollte
459 653 507 700 ὡς
537 656 616 696 ἔστι
639 661 726 708 ’ξένη
755 655 1039 709 Νέαιρααῖἶτη.

242 721 418 761 Primum
432 722 752 761 Westermannus
779 722 899 761 verba
922 723 1012 771 §55
1037 726 1130 773 φέρε
1161 722 1208 775 δὴ
1229 719 1320 772 ὑμῖν
1339 723 1403 760 καὶ
1426 721 1561 773 ἑτέραν

137 788 356 835 μαρτυρίαν
394 784 655 837 παράσχωμαι
693 789 764 824 τοῦ
801 799 845 824 τε
887 784 1106 837 Φράστορος
1145 788 1209 825 καὶ
1248 790 1324 825 τῶν
1362 790 1561 838 φρατέρων

135 846 256 888 αὐτοῦ
288 851 352 888 καὶ
380 854 569 902 γεννητῶν
595 864 675 890 non
710 855 814 890 recte
841 852 1131 902 interpretatur;
1162 864 1260 902 quae
1289 864 1367 891 non
1395 854 1558 902 possunt

137 915 371 965 significare,
411 919 600 954 oratorem
636 915 885 964 Brytidarum
924 917 1186 954 testimonium
1226 917 1433 955 allaturum
1463 927 1557 964 esse,

136 992 187 1018 ex
216 992 293 1030 quo
322 984 531 1030 appareret,
560 980 655 1030 quid
678 980 860 1018 Phrastor
887 979 1040 1019 fecisset
1061 980 1190 1031 („aber
1217 993 1259 1019 so
1287 981 1365 1019 viel
1391 981 1443 1019 ist
1466 980 1559 1028 klar,

137 1045 226 1082 dass
254 1045 336 1082 ihm
363 1046 404 1082 in
433 1045 521 1082 dem
544 1045 754 1092 Zeugnisse
784 1045 868 1082 eine
896 1045 1059 1094 gewisse
1081 1045 1190 1082 Rolle
1217 1057 1326 1083 muss
1348 1044 1558 1094 zugetheilt

135 1120 311 1158 gewesen
342 1109 470 1157 sein“),
498 1108 564 1146 sed
592 1109 669 1146 illis
692 1108 822 1146 verbis
845 1108 1106 1158 Apollodorus
1129 1109 1269 1147 diserte
1292 1102 1557 1147 testimonium

137 1177 174 1211 et
208 1171 425 1211 Phra'storis
463 1176 500 1210 et
536 1172 788 1221 Brytidarum
831 1173 1041 1223 pollicetur.
1105 1172 1230 1219 Quam
1265 1173 1312 1210 ob
1356 1184 1439 1211 rem
1473 1174 1561 1210 miri

138 1237 287 1287 aliquid
314 1237 437 1285 habet,
468 1237 573 1286 quod
601 1238 623 1286 ξ
653 1238 701 1275 61
733 1240 920 1287 gennetae
948 1238 1021 1275 soli
1042 1242 1241 1286 vocantur,
1270 1242 1314 1275 ut
1341 1250 1402 1275 res
1430 1250 1560 1275 narra-

136 1306 193 1339 tas
230 1302 451 1340 testimonio
482 1301 724 1349 confirment,
764 1313 893 1351 neque
932 1301 1057 1339 facere
1096 1313 1320 1351 possumus,
1361 1302 1457 1350 quin
1491 1301 1562 1338 hoc

138 1377 294 1415 quoque
337 1364 422 1402 loco
460 1364 507 1403 de
545 1365 681 1403 fraude
723 1365 891 1415 quadam
927 1366 1153 1415 Apollodori
1196 1367 1430 1415 cogitemus,
1474 1377 1563 1403 cum

137 1430 337 1479 promissis
365 1430 595 1467 testimoniis
624 1433 662 1467 et
689 1429 906 1467 Phrastoris
935 1433 973 1467 et
999 1433 1255 1479 gennetarum
1283 1441 1324 1467 re
1352 1441 1443 1475 yera
1470 1441 1563 1479 gen-

135 1497 315 1531 netarum
338 1496 491 1531 tantum
514 1494 779 1532 testimonium
803 1493 942 1532 afferat.
1000 1492 1076 1531 Sed
1104 1505 1155 1531 ne
1182 1494 1224 1531 in
1248 1505 1380 1531 eorum
1405 1493 1562 1543 quidem

136 1558 358 1596 testimonio
382 1559 512 1596 omnia
534 1559 759 1608 reperimus,
784 1569 882 1607 quae
904 1562 1059 1608 propter
1082 1558 1242 1596 oratoris
1263 1558 1558 1607 explicationem

137 1625 414 1672 exspectamus.
469 1622 607 1672 Neque
631 1623 734 1660 enim
757 1622 942 1670 Brytidae
968 1624 1170 1670 testantur,
1200 1621 1446 1660 Phrastorem
1478 1622 1559 1659 ius-

133 1687 344 1724 iurandum
368 1687 600 1732 deseruisse;
625 1687 666 1725 id
687 1688 817 1737 ipsum
837 1690 970 1732 ,autem
995 1690 1121 1724 orator
1143 1698 1223 1724 non
1242 1687 1352 1735 parvi
1374 1687 1558 1723 momenti

135 1751 328 1798 aestimat3
351 1762 599 1801 quamquam,
611 1751 662 1799 id,
677 1751 781 1802 quod
805 1750 1125 1789 Westermannus
1137 1762 1216 1788 non
1229 1750 1420 1800 cognovit,
1440 1749 1563 1788 Neae-

135 1827 219 1852 ram
240 1826 324 1853 esse
346 1817 586 1864 peregrinam
605 1816 696 1853 inde
719 1826 797 1852 non
820 1815 1076 1852 confirmatur.
1123 1814 1268 1851 Causae
1287 1814 1401 1861 enim,
1422 1812 1563 1863 quibus

139 1881 354 1924 commotus
377 1878 560 1917 Phrastor
588 1891 673 1917 eam
701 1880 947 1929 peregrinam
974 1878 1215 1927 iudicaverit,
1241 1889 1320 1915 non
1348 1877 1564 1916 afferuntur

135 1954 263 1992 neque
292 1943 340 1980 ob
370 1954 454 1980 eam
482 1954 565 1981 rem
593 1944 677 1980 eius
706 1944 836 1993 opinio
875 1943 964 1992 plus
997 1943 1099 1980 valet
1142 1953 1257 1992 quam
1296 1944 1562 1992 gennetarum.

135 2007 225 2045 Non
252 2008 373 2058 igitur
400 2007 533 2057 probo,
563 2007 667 2057 quod
695 2006 940 2057 Lortzingius
968 2019 1052 2058 pag.
1081 2008 1133 2045 46
1163 2007 1211 2051 de
1238 2006 1306 2044 illo
1335 2008 1562 2056 argumento

138 2073 248 2110 dicit:
285 2072 366 2120 „Ita
392 2072 653 2122 Apollodorus
682 2074 918 2122 apertissime
946 2072 1020 2109 sibi
1049 2071 1371 2109 demonstravisse
1398 2070 1562 2117 videtur,

135 2137 380 2187 peregrinam
408 2148 490 2175 esse
518 2135 718 2181 Neaeram.
773 2136 891 2175 Recte
920 2135 1078 2186 quidem
1108 2168 1115 2175 .
1145 2166 1153 2174 .
1183 2136 1213 2173 .“

243 2200 514 2239 Nihilominus
543 2205 689 2249 autem,
724 2214 814 2239 cum
843 2204 1032 2239 oratorem
1059 2202 1188 2250 ipsum
1216 2201 1270 2237 ita
1298 2200 1561 2248 argumentari

135 2265 350 2314 videamus,
369 2265 634 2315 quaerendum
652 2269 719 2311 est,
749 2277 819 2303 cur
845 2265 886 2303 id
904 2265 945 2302 in
965 2265 1185 2302 testimonio
1209 2275 1287 2302 non
1310 2263 1560 2314 inscripserit.

134 2328 185 2367 Et
212 2329 285 2373 hoc
312 2331 443 2380 ipsum
471 2334 509 2368 et
538 2331 658 2380 quod,
686 2334 730 2368 ut
757 2341 875 2379 supra
904 2330 1005 2378 dixi,
1043 2329 1260 2367 Phrastoris
1293 2328 1559 2365 testimonium

135 2406 217 2432 non
256 2394 404 2443 attulit,
445 2395 586 2444 optime
626 2394 812 2444 explicari
850 2405 962 2444 posse
995 2397 1098 2444 put0.
1162 2393 1256 2432 Sine
1296 2385 1413 2430 dubio
1455 2392 1557 2430 enim

135 2458 330 2508 Phrastor,
367 2470 459 2496 cum
486 2458 632 2507 filium,
667 2470 783 2508 quem
818 2470 867 2496 ex
895 2459 1098 2509 peregrina
1125 2461 1261 2495 natum
1299 2456 1559 2506 existimabat,

136 2524 175 2560 in
206 2527 393 2573 gennetas
422 2523 640 2572 induceret,
674 2522 900 2573 gravissime
933 2522 1038 2573 leges
1074 2522 1302 2568 violaverim
1328 2522 1443 2572 quod
1476 2522 1559 2573 ipse
