1709 2851
705 157 972 194 ..29-

130 265 230 303 auch
271 264 341 302 der
378 258 617 302 'Schlusssatz
649 265 849 312 Στέφανον
881 262 923 301 δὲ
949 265 1136 312 παρέχειν
1170 255 1288 301 Φανώ
1324 254 1546 314 Ἐπαινέτῳ,

129 324 282 366 ὁπόταν
320 324 493 380 ἐπιδημῇ
529 327 594 364 καὶ
620 323 806 378 βούληται
843 331 1012 366 συνεῖναι
1045 320 1144 380 αὐτῇ
1182 339 1279 378 ganz
1319 327 1390 366 auf
1414 328 1548 379 eigene

132 392 348 442 Rechnung
373 403 532 430 unseres
548 389 788 430 ‘Verfassers
842 391 922 430 Das
949 392 1102 430 Erstere
1128 392 1208 429 ihm
1243 392 1328 430 aufs
1356 391 1469 430 Wort
1496 402 1546 429 zu

130 456 296 507 glauben
335 456 548 506 berechtigt
581 456 642 494 die
677 468 798 507 ganze
825 456 1074 507 Darstellung
1107 456 1174 494 des
1207 455 1386 495 Redners‘
1420 457 1545 505 nicht;

133 521 200 558 das
223 520 395 559 Letztere
417 513 609 570 hinge'gen
637 521 790 558 verriith
812 533 914 558 zwar
936 522 1023 559 eine
1045 520 1247 569 lebendige
1269 520 1547 570 Einbildungs-

130 584 247 634 kraft,
285 585 415 623 macht
453 584 545 622 aber
583 585 659 623 den
694 584 916 623 Euaenetus
954 597 1005 636 zu
1044 585 1172 623 einem
1210 596 1369 634 grossen
1407 584 1549 635 ΤὸΙρθΙ,

131 660 245 686 wenu
272 660 315 687 er
342 649 449 686 nicht
478 649 619 697 einsah,
648 649 735 687 dass
763 653 878 687 unter
913 650 1069 687 solchen
1098 648 1342 687 Umstanden
1371 650 1433 687 die
1461 661 1548 686 vor-

130 713 361 763 gespiegelte
390 710 533 754 ἔκδυσις
568 713 637 750 der
671 712 804 751 Phano
840 725 917 751 nur
950 714 1034 751 eine
1075 713 1332 751 Schwindelei
1366 713 1432 751 des
1467 712 1548 750 Ste-

131 778 282 828 phanus
304 790 395 827 war,
425 778 487 816 die
516 789 557 816 er
577 777 806 828 gleichwohl
833 779 905 816 mit
930 779 1032 817 1000
1055 777 1274 816 Drachmen
1296 778 1547 816 honorierte.“

133 842 310 880 Primum
336 842 434 879 illud
462 838 647 883 πολλάκις
674 843 835 879 minime
863 842 910 879 ab
939 842 1163 892 Apollodori
1199 842 1454 892 explicatione
1483 841 1548 879 ab·

134 907 288 945 horrere
315 906 410 944 mihi
443 906 606 944 videtur.
664 905 803 944 Confer
826 918 930 959 'cum
963 917 1024 954 ea,
1065 918 1162 955 quae
1191 908 1213 953 ξ
1243 908 1294 944 64
1329 910 1437 944 sunt:
1483 907 1549 943 καὶ

130 967 392 1017 καταγόμενον
418 967 528 1019 παρὰ
556 966 706 1011 τούτοις
733 965 855 1006 ὁπότε
883 966 1158 1019 ἐπιδημήσειεν
1180 966 1359 1020 Ἀθήναζε
1388 968 1450 1007 διὰ
1478 967 1551 1021 τὴν

132 1033 264 1082 φιλίαν
301 1031 372 1085 τὴν
409 1036 600 1083 Νεαίρας,
643 1039 726 1072 tum
764 1035 968 1084 praecipue
1014 1046 1113 1083 quae
1151 1038 1369 1083 sequuntur
1407 1034 1447 1084 (ἓ
1483 1036 1549 1080 67)

133 1094 366 1148 ἀνηλωκέναι
398 1109 442 1134 τε
470 1096 599 1134 πολλὰ
635 1095 689 1139 εἰς
717 1093 853 1139 αὐτάς
888 1127 896 1135 .
926 1128 935 1137 .
964 1127 972 1134 .
1002 1127 1009 1135 .
1044 1094 1164 1144 νόμον
1191 1094 1472 1146 παρεχόμενος,
1509 1094 1551 1140 ὂς

133 1157 201 1199 οὐκ
240 1158 287 1211 ἐᾷ
320 1158 388 1199 ἐπὶ
423 1158 582 1204 ταύταις
616 1160 753 1210 μοιχὸν
787 1162 936 1210 λαβεῖν,
959 1157 1102 1199 ὁπόσαι
1130 1157 1178 1199 ἂν
1205 1158 1271 1199 ἐπ’
1305 1159 1549 1213 ἐργαστηρίου

131 1228 330 1263 καθῶνται
353 1221 377 1277 ἢ
405 1223 447 1263 ἐν
473 1228 521 1279 τῇ
549 1222 666 1276 ἀγορᾷ
688 1226 844 1264 πωλῶσι
864 1239 902 1264 τι
925 1221 1275 1276 ἀποπεφασμένως,
1305 1223 1550 1278 ἐργαστήριον

132 1287 287 1338 φάσκων
313 1291 378 1327 καὶ
405 1293 519 1327 τοῦτο
549 1286 658 1337 εἶναι,
687 1288 758 1341 τὴν
785 1287 985 1339 Στεφάνου
1014 1289 1147 1329 οἰκίαν.

240 1364 368 1402 Etiam
413 1365 605 1403 infirmius
651 1365 815 1403 alterum
858 1365 956 1402 illud
994 1364 1279 1402 Westermanni
1316 1370 1383 1404 est.
1452 1365 1550 1403 Cum

133 1441 259 1478 neque
295 1429 478 1467 Phrastor
513 1430 639 1468 dotem
673 1433 868 1479 acceptam
895 1429 1127 1467 reddidisset
1171 1441 1300 1478 neque
1329 1428 1549 1479 Stephanus

138 1493 264 1530 denuo
294 1493 419 1530 dotem
449 1493 620 1531 conferre
652 1497 795 1543 posset,
828 1504 908 1530 non
935 1492 1048 1529 facile
1075 1492 1160 1530 fieri
1188 1496 1353 1542 poterat,
1388 1497 1431 1530 ut
1459 1494 1553 1531 civis

134 1556 383 1594 Atheniensis
417 1556 549 1595 Phano
586 1559 629 1594 in
662 1557 951 1594 matrimonium
986 1557 1151 1595 duceret.
1205 1556 1301 1594 Tum
1337 1556 1553 1606 Epaenetus

136 1621 241 1658 mille
281 1621 480 1659 drachmas
521 1623 556 1659 ei
594 1633 663 1671 pro
703 1621 790 1659 dote
826 1632 866 1659 se
900 1621 1078 1659 daturum
1114 1633 1197 1659 esse
1231 1621 1333 1671 apud
1370 1621 1553 1659 diaetetas

136 1685 331 1734 pollicitus
368 1690 425 1735 est
459 1698 504 1723 ea
532 1686 774 1733 condicione,
814 1689 856 1722 ut
892 1685 966 1722 sibi
993 1685 1145 1734 liceret,
1183 1686 1360 1735 quotiens
1388 1686 1554 1723 Athenis

137 1752 256 1795 esset,
295 1761 339 1787 ea
366 1751 434 1787 uti.
492 1749 593 1794 Quid
620 1749 693 1786 hoc
722 1749 862 1786 clarius
891 1749 972 1786 est?
1029 1749 1132 1786 Illud
1174 1749 1332 1798 quidem
1368 1752 1447 1786 tam
1482 1749 1552 1786 diu

136 1813 261 1850 solum
295 1813 381 1851 fieri
413 1814 596 1863 potuisse,
636 1825 751 1862 quam
785 1813 917 1851 Phano
956 1824 1074 1862 penes
1109 1813 1344 1862 Stephanum
1384 1813 1550 1850 necdum

135 1881 255 1926 nupta
284 1881 394 1928 esset,
422 1881 536 1927 patet.
590 1877 725 1926 Neque
754 1889 804 1915 ex
832 1878 911 1914 ulla
930 1888 971 1914 re
995 1876 1174 1914 concludi
1203 1880 1337 1926 potest,
1365 1878 1442 1914 iam
1466 1882 1550 1915 tum

140 1940 187 1978 de
215 1944 317 1979 certo
345 1943 482 1979 marito
512 1943 721 1991 cogitatum
749 1953 842 1980 esse.

243 2015 536 2054 Consideremus
566 2020 711 2064 autem,
751 2016 944 2066 quomodo
978 2028 1040 2054 res
1073 2028 1113 2054 se
1145 2015 1284 2053 habeat
1321 2016 1472 2053 omissis
1513 2021 1550 2053 et

133 2080 199 2117 illo
238 2077 424 2122 πολλάκις
463 2085 501 2119 et
539 2082 721 2119 extremis
759 2081 887 2118 verbis
926 2082 1124 2130 pactionis.
1186 2081 1282 2117 Tum
1319 2080 1551 2129 Epaenetus,

136 2156 269 2194 quem,
305 2156 541 2195 quamquam
575 2156 686 2195 saepe
723 2148 802 2183 tota
829 2144 975 2182 familia
1003 2144 1187 2195 Stephani
1224 2144 1271 2182 ab
1307 2155 1351 2182 eo
1388 2143 1549 2194 praedas

132 2209 286 2257 fecerat,
314 2210 457 2247 iniuria
486 2211 693 2247 coercitum
723 2221 806 2247 esse
834 2210 1065 2258 audivimus,
1094 2214 1237 2246 temere
1260 2221 1304 2246 ac
1327 2209 1434 2245 nullo
1459 2220 1548 2245 con-

133 2272 218 2310 silio
253 2273 495 2323 aliquantum
528 2284 780 2311 nummorum
816 2273 950 2311 Phano
993 2273 1168 2311 dedisset.
1233 2272 1294 2309 Ita
1326 2273 1357 2310 si
1396 2271 1549 2313 fecisset

132 2341 232 2375 certe
260 2338 382 2375 multo
411 2338 532 2387 magis
561 2338 701 2375 stultus
730 2350 774 2376 ac
802 2338 963 2376 stolidus
991 2339 1183 2375 nominari
1210 2342 1346 2386 posset.

237 2411 480 2464 Lortzingius
520 2416 731 2451 extremam
775 2416 921 2464 partem
967 2411 1180 2461 διαλλαγῶν
1225 2412 1337 2463 plane
1375 2411 1548 2462 neglexit

132 2489 261 2526 neque
289 2477 337 2514 ob
373 2489 456 2515 eam
492 2489 575 2515 rem
609 2479 644 2515 ei
681 2478 859 2515 assentiri
892 2489 1066 2527 possum,
1102 2478 1205 2526 quod
1237 2489 1322 2526 pag.
1351 2478 1401 2513 47
1433 2476 1546 2513 dicit:

131 2541 300 2592 „Arbitri
329 2540 375 2579 ab
405 2542 460 2579 eis
483 2542 594 2580 electi
616 2554 660 2580 ea
683 2541 899 2580 conditione
928 2553 992 2580 eos
1020 2541 1236 2590 conciliant,
1263 2545 1308 2578 ut
1329 2539 1550 2590 Epaenetus
