1709 2851
141 219 317 259 interdici
344 222 460 270 atque
482 219 602 258 verba
629 214 816 269 ἀτίμητος
837 215 933 256 ἔστω
956 218 1006 256 ad
1028 228 1093 256 003
1116 217 1217 256 30103
1239 220 1413 268 spectare
1434 229 1557 268 posse,

141 289 222 323 tam
242 283 493 323 manifestum
521 287 637 333 atque
660 287 839 333 apertum
867 286 936 332 est,
958 286 1002 320 ut
1017 294 1088 333 ego
1116 293 1195 320 non
1219 293 1309 320 cum
1338 283 1424 320 viro
1445 282 1556 320 docto

142 349 232 387 Van
259 348 335 387 den
362 347 416 385 Es
443 347 525 398 (cfr.
553 359 638 397 pag.
667 348 735 395 23)
763 347 851 396 p'ost
877 346 943 384 illa
969 343 1039 383 ἐὰν
1064 346 1112 383 δέ
1128 358 1185 387 τις
1212 345 1330 383 verba
1357 342 1558 396 Ἀθηναῖος

143 411 197 451 ὦν
224 412 447 451 desiderem.
916 436 922 441 -

251 477 361 515 Idem
389 477 504 514 etiam
530 475 666 513 finem
674 474 861 513 formulae
890 446 1133 525 (γραφέσθων
1159 474 1201 512 δὲ
1229 472 1326 524 πρὸς
1348 473 1437 516 τοὺς
1469 476 1558 512 θεσ-

143 543 316 590 μοθέτας
357 533 415 583 οἷς
448 537 579 586 ἔξεστι,
613 535 800 595 καθάπερ
833 541 901 590 τῆς
939 541 1077 588 ξενίας)
1113 540 1367 578 recentiorem
1400 550 1557 577 manum

145 616 307 656 arguere
339 607 459 655 putat,
487 615 577 643 cum
603 603 646 640 in
668 614 713 641 00
740 602 859 641 verba
886 599 906 640 ὁ
932 601 1166 654 βουλόμενος
1193 598 1402 654 Ἀθηναίων
1422 603 1557 652 desint,

146 681 246 719 quae
272 670 316 706 in
343 669 468 718 priore
502 667 668 705 formula
701 667 925 705 invenimus
965 669 1182 716 (γραφέσθω
1216 665 1315 716 πρὸς
1347 665 1435 709 τοὺς
1470 669 1557 704 θεσ-

144 733 319 780 μοθέτας
338 726 582 782 Ἀθηναίων(
563 745 584 768 ο
601 726 844 779 βουλόμενος,
856 724 918 773 οἷς
945 728 1114 780 ἕξεστιι).
1151 730 1227 769 Sed
1249 743 1320 769 cur
1340 731 1433 769 haec
1444 731 1559 768 verba

147 797 361 835 necessario
391 795 566 834 addenda
586 795 740 844 fuerint,
768 807 832 833 me
859 807 937 832 non
960 795 1183 845 intellegere
1203 795 1343 843 fateor3
1373 808 1462 833 nam
1490 796 1557 833 illa

146 862 376 911 γραφέσθων
404 859 445 898 δὲ
479 858 577 909 πρὸς
604 857 694 902 τοὺς
719 860 978 907 θεσμοθέτας,
1007 860 1065 901 οἱς
1086 856 1208 904 ἔξεστι
1235 861 1334 898 nihil
1356 860 1461 898 aliud
1483 861 1558 910 sig-

147 924 318 971 nificant,
346 926 422 963 nisi
450 925 553 975 apud
581 923 853 963 thesmothetas
881 924 1006 962 dicam
1035 925 1280 963 scribendam
1304 937 1395 964 esse.

228 1020 232 1023 .
256 988 416 1039 Poenas,
441 1001 537 1040 quas
567 989 635 1039 qui
655 989 780 1039 legem
802 988 1033 1038 violavisset,
1072 989 1147 1028 sibi
1182 990 1434 1039 contraheret,
1469 1002 1558 1040 gra-

148 1054 323 1091 vissimas
343 1065 425 1092 esse
443 1057 568 1092 orator
581 1056 603 1101 §
618 1055 667 1092 53
687 1054 781 1091 dicit
803 1051 925 1101 (γνούς
944 1054 978 1091 δ’
994 1049 1054 1091 ὅτι
1075 1050 1308 1091 κινδυνεύσει
1321 1051 1559 1101 ἐξελεγχθεὶς

147 1119 255 1168 ξένης
286 1118 482 1167 θυγατέρα
520 1113 741 1169 ἠγυγηκέναι
778 1121 863 1160 ταῖς
901 1115 1077 1165 ἐσχάταις
1104 1118 1253 1169 ζημίαις
1293 1118 1555 1167 περιπεσεῖν);

145 1182 330 1220 credibile
365 1183 486 1232 igitur
521 1184 605 1221 sine
634 1182 752 1220 dubio
787 1186 859 1231 est,
894 1183 998 1232 quod
1034 1184 1078 1220 in
1105 1183 1272 1221 formula
1309 1183 1553 1221 invenimus:

145 1243 281 1294 ἄτιμος
307 1243 414 1295 ἔστω,
441 1246 505 1283 καὶ
533 1242 557 1282 ’ἦ
584 1242 694 1283 οὐσία
723 1241 843 1283 αὐτοῦ
871 1247 1034 1297 δημοσία
1063 1243 1169 1285 ἔστω.

563 1344 598 1381 3.
626 1342 685 1380 De
712 1343 796 1405 lege
824 1355 858 1393 p.
891 1343 1046 1392 1374§
1076 1344 1136 1381 87.

206 1452 208 1454 ,
249 1402 431 1445 Ἐπειδὰν
453 1407 494 1445 δὲ
517 1404 584 1460 ελῃ
612 1404 681 1445 τὸν
707 1404 861 1456 μοιχόν,
880 1404 935 1458 μὴ
963 1404 1099 1452 ἐξέστω
1133 1408 1188 1458 τῶ
1216 1406 1341 1444 ἑλόντι
1368 1411 1556 1444 συνοικεῖν

140 1473 190 1523 τῇ
217 1475 367 1518 γυναικί
393 1482 400 1490 ·
429 1468 498 1508 ἐὰν
525 1471 567 1509 δὲ
594 1474 748 1525 συνοικῇ
776 1469 930 1519 ἄτιμος
916 1469 1044 1509 ἔστω.
1062 1471 1159 1522 μηδὲ
1188 1474 1237 1523 τῇ
1254 1471 1400 1518 γιναικὶ
1416 1468 1553 1515 ἐξέστω

140 1533 293 1577 εἰςιέναι
334 1534 388 1578 εἰς
425 1533 476 1572 τὰ
516 1533 602 1585 ἱερὰ
629 1533 679 1573 τὰ
713 1535 915 1609 δημοτελῆ,
950 1531 1020 1584 ἐφ’
1030 1532 1053 1588 5
1092 1531 1139 1572 ἂν
1176 1533 1307 1583 μοιχὸς
1344 1530 1455 1585 ἁλῷ·
1484 1532 1554 1572 ἐὰν

139 1594 282 1650 δἐἷςίῃ,
304 1599 494 1649 νηποινεὶ
522 1602 701 1645 πασχέτω
729 1595 751 1635 ὅ
778 1612 815 1635 τι
844 1596 892 1634 ἂν
913 1610 1052 1650 παοχῃ,
1082 1597 1187 1649 πλὴν
1213 1595 1401 1638 θανατου

247 1663 344 1702 Pars
383 1666 535 1701 tantum
580 1663 677 1713 legis
718 1663 812 1701 haec
858 1666 937 1710 est3
980 1666 1182 1713 propterea
1219 1675 1298 1701 11011
1338 1663 1480 1702 diserte
1518 1664 1553 1701 is

140 1727 363 1778 appellatur,
394 1728 444 1766 ad
483 1739 599 1778 quem
634 1728 758 1778 prima
789 1727 908 1765 verba
942 1719 1105 1765 s'iteuffiv
1141 1727 1182 1764 δὲ
1216 1724 1283 1779 ε’λῃ
1323 1725 1392 1764 τὸν
1417 1724 1554 1775 μοιχόν

139 1795 322 1842 spectant.
377 1792 408 1829 F
409 1792 571 1830 alsarius
599 1793 681 1830 sine
715 1790 947 1842 dubioznon
978 1791 1089 1830 facile
1116 1793 1170 1829 ita
1196 1792 1376 1830 finxisset
1396 1793 1553 1829 initium

139 1855 337 1903 formulae,
365 1857 434 1895 sed
461 1857 589 1907 potius
618 1857 732 1895 certis
759 1855 887 1894 verbis
916 1856 963 1894 de
991 1856 1127 1894 marito
1157 1855 1330 1896 dixisset.

249 1919 421 1971 Singula,
458 1932 557 1971 quae
584 1920 751 1958 formula
779 1921 957 1969 continet,
986 1921 1210 1958 examinare
1239 1932 1319 1958 non
1360 1932 1457 1971 opus
1485 1924 1552 1968 est,

140 1995 232 2021 011111
254 1986 425 2035 exceptis
453 1986 530 2022 illis
545 1982 627 2022 ’ἐὰν
654 1984 696 2021 δὲ
718 1986 883 2037 συνοικῇ,
913 1981 1047 2031 ἄτιμος
1075 1981 1180 2030 ἔστω,
1211 1996 1309 2033 quae
1336 1986 1406 2022 vix
1434 1984 1551 2022 offen—

140 2048 240 2086 sioni
273 2060 356 2088 esse
394 2053 567 2100 possunt,
596 2051 725 2088 omnia
751 2051 794 2088 in
821 2049 949 2088 verbis
978 2049 1160 2087 orationis
1187 2049 1309 2098 ipsius
1332 2049 1379 2098 ἐξ
1409 2050 1470 2098 85,
1500 2049 1550 2087 86

140 2113 389 2168 reperiantur.

248 2177 482 2228 Frankius1),
495 2190 610 2229 quem
621 2178 846 2216 Dindorfius
858 2178 935 2226 (cfr.
949 2179 1031 2215 eius
1048 2177 1352 2226 annotationem)
1364 2178 1550 2227 sequitur,

139 2240 343 2280 formulam
372 2243 608 2293 suppositam
652 2253 735 2280 esse
773 2245 901 2280 censet
934 2244 972 2279 et
1005 2241 1204 2279 falsarium
1243 2252 1292 2278 ne
1320 2253 1365 2279 ea
1394 2241 1549 2291 quidem

141 2304 364 2345 adhibuisse
391 2307 600 2356 contendit,
629 2318 728 2356 quae
751 2310 877 2353 orator
899 2309 1012 2344 antea
1034 2306 1284 2355 exposuisset.
1331 2305 1413 2355 Ego
1442 2318 1552 2355 para-

139 2368 294 2419 graphis
317 2371 368 2408 85
391 2374 429 2409 et
451 2372 500 2409 86
522 2371 637 2409 etiam
660 2374 776 2421 atque
796 2371 911 2409 etiam
934 2370 1112 2420 perlectis
1133 2369 1232 2407 nihil
1254 2370 1423 2418 invenio,
1447 2370 1553 2420 quod

140 2435 183 2471 in
209 2433 375 2472 formula
401 2436 485 2474 iure
515 2436 721 2474 desiderari
762 2435 900 2486 possit;
930 2446 1055 2484 neque
1089 2434 1212 2483 magis
1240 2435 1281 2470 in
1316 2434 1414 2483 illis,
1454 2446 1553 2484 quae

229 2521 254 2562 1)
277 2519 371 2552 Neue
391 2520 564 2553 Jenaische
589 2521 726 2563 Allgem.
749 2520 1067 2561 Literatur-Zeitung
1092 2522 1184 2559 1844,
1207 2529 1278 2560 pag.
1302 2521 1376 2552 742.

1341 2573 1359 2592 *
