1709 2851
690 97 957 139 -39-

118 222 233 273 τέχνῃ
281 207 364 258 111ιᾶ
398 203 564 272 ’μηχὰνῇ
599 218 709 257 nicht
747 217 816 274 auf
847 216 1224 275 Vorspiegelungen,
1260 212 1405 257 welche
1444 218 1529 256 eine

120 283 320 323 Ehehalfte
343 284 412 322 der
438 284 607 322 anderen
628 282 790 330 machte,
812 283 861 321 da
883 281 1000 321 diese·
1009 283 1052 332 ,ia
1073 282 1173 320 doch
1193 283 1302 321 nicht
1321 283 1435 332 lange
1457 293 1529 319 un-

121 347 301 396 entdeokt
327 346 481 386 bleiben
507 346 700 392 konnten,
735 346 906 386 sondern
942 346 1012 386 auf
1041 346 1103 385 die
1129 346 1420 398 gesetzwidrige
1447 346 1529 385 An-

120 424 306 468 massung
351 412 419 451 der
451 411 774 461 Rechtswirkung
821 413 930 450 einer
963 411 1242 461 rechtmiisigen
1274 411 1400 459 Ehe“;
1437 423 1529 449 nam

120 478 203 515 sine
231 466 348 515 dubio
374 471 529 519 ἡτισοῦν
554 472 707 526 μηχανὴ
733 474 799 513 καὶ
825 477 936 526 τέχνη
975 478 1013 513 et
1046 486 1132 513 eam
1174 474 1349 514 fraudem
1382 474 1529 526 signifi-

120 543 207 580 'care
233 544 367 592 potest,
396 552 494 590 quae
521 540 649 595 uxori,
676 542 715 577 et
741 551 837 590 eam,
867 552 965 590 quae
986 539 1273 590 magistratibus
1304 540 1411 578 illata
1438 543 1528 578 erat.

123 604 255 644 Civem
278 608 425 658 autem,
444 605 528 660 qui
538 604 695 659 inscius
719 606 757 643 et
783 604 930 681 invitus
958 605 1201 656 peregrinam
1225 604 1398 654 duxerat,
1420 607 1530 644 extra

120 681 286 720 poenam
313 669 433 708 fuisse
460 670 609 719 liquet.
650 690 653 691 ν

120 739 122 742 “
227 734 431 772 Praeterea
451 733 734 771 Thonissenius
754 744 954 783 perperam
976 745 1026 772 ex
1047 733 1176 771 verbis
1198 735 1310 785 τέχνῃ
1332 728 1357 785 ἢ
1377 734 1529 785 μηχανῇ

119 794 292 850 ᾑτινιοῦν
319 798 421 836 effici
442 797 538 845 vult,
565 798 822 847 peregrinum,
850 798 883 834 si
911 789 1112 846 fateretur,
1147 797 1252 834 unde
1286 799 1393 834 ortus
1421 800 1529 845 esset,

122 863 284 913 impune
303 863 435 901 civem
464 851 618 900 atticam
644 861 687 899 in
714 862 1007 916 matrimonium
1036 862 1174 900 ducere
1196 861 1377 911 potuisse,
1403 872 1530 910 neque

122 926 308 965 discernit
352 915 663 973 concubinatum,
710 936 827 975 quem
870 936 1021 976 semper
1056 925 1160 964 inter
1186 925 1454 981 >Athenienses
1493 927 1530 963 et

121 992 343 1042 peregrinos
382 993 606 1030 concessum
644 990 763 1030 fuisse
802 994 967 1040 constat,
1005 993 1043 1029 et
1076 982 1366 1029 matrimonium
1404 990 1528 1040 legiti-

120 1060 229 1093 mum
257 1055 339 1106 (cfr.
370 1058 392 1103 §
424 1057 527 1114 122),
557 1056 604 1094 de
634 1067 711 1105 quo
740 1056 821 1094 solo
849 1056 915 1094 lex
944 1058 1010 1094 est.

125 1125 129 1128 ’
225 1119 375 1159 Deinde
402 1110 491 1158 Van
514 1119 607 1158 den
621 1119 674 1158 Es
701 1120 892 1158 iniustum
927 1131 1010 1158 esse
1038 1117 1255 1172 arbitratur,
1291 1120 1416 1158 civem
1445 1119 1529 1157 atti-

119 1196 217 1232 cum,
263 1185 331 1234 qui
375 1185 614 1243 peregrinam
664 1184 850 1232 duxisset,
896 1182 1062 1232 multari,
1123 1195 1212 1221 cum
1259 1185 1356 1222 civis
1405 1185 1529 1229 attica,

68 1270 71 1274 ·
120 1259 217 1298 quae
254 1249 454 1298 peregrino
498 1249 713 1298 nupsisset,
760 1260 840 1286 non
888 1248 1127 1286 multaretur.
1193 1247 1278 1286 Etsi
1327 1249 1389 1286 vir
1441 1248 1530 1286 doc-

120 1318 184 1351 tus
210 1315 313 1351 recte
348 1313 403 1351 ita
438 1313 720 1359 iudicavisset,
751 1316 880 1351 tamen
913 1312 987 1350 hoc
1024 1324 1102 1351 ιιοιι
1142 1316 1368 1363 argumento
1397 1316 1529 1351 contra

119 1376 235 1415 fidem
261 1376 448 1415 formulae
489 1380 598 1416 esset.
665 1376 748 1415 Lex
791 1378 894 1415 enim
927 1377 982 1415 ita
1016 1378 1195 1427 componi
1232 1367 1389 1428 poterat,
1417 1380 1461 1414 ut
1487 1377 1527 1414 in

118 1441 197 1480 fi'ne
229 1442 314 1480 eius
349 1445 436 1492 post
469 1442 548 1490 illa,
578 1445 680 1492 'quae
701 1442 880 1480 'formula
915 1443 1096 1490 continet,
1123 1438 1288 1492 ¹aliquid
1327 1442 1375 1480 de
1404 1454 1528 1480 uxore

119 1507 312 1556 peregrini
346 1510 587 1545 statueretur.
648 1506 787 1556 Neque
826 1509 930 1544 certe
965 1506 1215 1556 Apollodoro,
1254 1519 1343 1545 cum
1371 1508 1414 1544 in
1442 1518 1527 1544 ana-

119 1571 209 1609 crisi
236 1570 440 1609 formulam
471 1571 513 1608 111
535 1571 715 1609 echinum
743 1571 912 1619 iniceret,
940 1581 1058 1608 causa
1085 1574 1177 1618 erat,
1206 1583 1277 1609 cur
1304 1571 1405 1609 hanc
1432 1571 1528 1622 legis

119 1638 265 1684 partem
303 1635 490 1684 adderet,
517 1636 658 1686 quippe
692 1646 790 1685 quae
818 1635 867 1672 ad
894 1633 1066 1672 Neaerae
1095 1639 1132 1672 et
1161 1634 1344 1711 Stephani
1371 1647 1527 1674 causam

121 1711 201 1738 non
229 1700 442 1750 pertineret.

152 1783 154 1786 ⁴
228 1763 331 1802 Sed
343 1775 413 1813 ego
459 1764 574 1814 plane
608 1765 806 1813 assentior,
834 1765 938 1814 quod
964 1764 1120 1815 Lipsius
1145 1766 1188 1802 in
1226 1776 1328 1803 nova
1360 1764 1526 1802 editione

120 1827 223 1878 libri,
262 1828 332 1878 qui
363 1827 588 1868 inscribitur
624 1829 693 1868 der
727 1829 888 1867 attische
921 1828 1093 1879 Process,
1132 1841 1207 1880 pag
1241 1824 1330 1871 443*
1366 1823 1526 1868 minime

121 1905 217 1943 opus
257 1904 339 1932 esse
368 1896 557 1943 annotat,
602 1906 690 1932 cum
737 1893 879 1932 Meiero
919 1894 999 1944 (cfr.
1039 1892 1119 1932 Der
1157 1894 1318 1935 attische
1368 1893 1527 1933 Process

119 1970 154 2007 p.
183 1958 276 2005 350)
312 1959 366 1995 ita
415 1959 613 2005 conicere,
653 1956 850 2008 probabile
889 1959 993 1995 enim
1031 1958 1126 1995 mihi
1163 1970 1320 2008 quoque
1363 1959 1527 2006 videtur,

120 2033 284 2060 uxorem
319 2022 514 2072 peregrini
544 2034 676 2074 poena
710 2022 869 2079 liberam
897 2021 1025 2062 fuisse.
1079 2021 1217 2072 Neque
1245 2023 1348 2060 enim
1376 2033 1420 2059 ea
1460 2025 1527 2059 aut

120 2090 164 2125 ut
197 2087 294 2124 civis
324 2087 474 2134 atticus,
511 2087 579 2136 qui
611 2087 773 2125 muliere
814 2078 1018 2137 peregrina
1050 2089 1247 2136 tamquam
1284 2099 1406 2125 uxore
1429 2087 1524 2137 legi-

121 2151 213 2191 tima
239 2151 385 2203 utitur,
400 2150 509 2194 filios
526 2152 577 2188 in
604 2151 814 2202 phratriam
840 2152 994 2198 inducit
1020 2154 1058 2189 et
1085 2151 1159 2189 alia
1187 2152 1269 2189 eius
1296 2151 1419 2189 modi.
1426 2151 1526 2201 facit,

121 2215 261 2266 quippe
285 2215 389 2266 quod
417 2215 554 2254 mariti
574 2216 633 2265 sit,
661 2219 728 2254 aut
754 2219 799 2254 ut
825 2216 1037 2279 peregrina,
1066 2228 1164 2265 quae
1193 2217 1269 2254 civi
1291 2217 1404 2254 attico
1426 2229 1527 2268 nup-

120 2279 180 2328 sit,
207 2280 330 2318 civem
359 2290 400 2318 se
429 2290 512 2320 esse
534 2279 703 2329 simulat,
733 2280 914 2331 quoniam
938 2283 996 2319 est
1018 2280 1125 2319 civis.
1180 2280 1221 2317 Id
1249 2280 1405 2330 quidem
1427 2281 1527 2319 veri-

120 2343 247 2382 simile
273 2342 436 2391 videtur,
464 2343 619 2393 legibus
646 2345 689 2382 in
715 2342 855 2395 κύριον,
896 2346 964 2396 qui
991 2346 1115 2383 civem
1144 2345 1295 2382 atticam
1323 2347 1526 2396 peregrino

119 2407 161 2445 in
183 2408 473 2446 matrimonium
496 2407 674 2457 dedisset,
696 2420 860 2459 poenam
874 2409 1132 2448 constitutam
1154 2408 1281 2458 fuisse,
1309 2412 1348 2448 et
1368 2410 1403 2448 is
1426 2412 1527 2448 certe

120 2471 242 2549 poena
269 2472 410 2523 dignus
437 2467 520 2511 erat
547 2471 635 2522 (Cfr
654 2471 818 2524 Lipsius
845 2473 938 2522 1.1.)

228 2534 329 2582 Quia
365 2541 492 2576 orator
525 2537 548 2587 ξ
579 2539 627 2576 17
658 2537 760 2588 dicit,
788 2550 858 2590 per
884 2538 1007 2589 legem
1034 2530 1055 2577 a
1078 2538 1206 2577 scriba
1227 2539 1424 2579 recitatam
1448 2552 1526 2579 non
