1709 2851
708 131 971 168 -51ψ

131 237 452 276 Westermannus
479 248 559 274 non
586 240 730 275 temere
756 238 798 274 in
828 248 872 275 eo
901 236 1068 285 offendit,
1097 237 1201 286 quod
1229 237 1327 276 nihil
1350 237 1541 275 eiusmodi

131 303 173 339 in
201 301 424 353 testimonio
451 301 656 340 invenitur.
969 291 971 293 V

238 364 389 403 Deinde
422 364 614 404 Kirchner
653 376 732 403 non
768 365 978 414 intellexit,
1016 376 1092 415 quo
1130 365 1242 403 modo
1280 365 1541 416 Apollodorus

132 431 154 479 ξ
183 431 235 479 64
262 441 318 480 sq.
357 441 407 468 ex
438 429 621 480 Stephani
653 431 842 480 pravitate
871 429 1119 479 comprobare
1148 431 1315 478 studeat,
1351 430 1541 468 Neaeram

134 505 179 531 ac
206 493 340 531 Phano
381 495 600 544 peregrinas
634 505 727 533 esse.
787 492 927 543 Neque
956 494 1059 531 enim
1095 498 1221 531 orator
1252 495 1306 532 ita
1339 506 1542 545 argumen-

132 561 244 608 tatur,
279 561 324 596 ut
361 559 422 596 vir
455 547 592 596 doctus
631 558 846 596 existimat:
894 557 1008 607 „Nun
1048 558 1139 597 aber
1178 559 1283 597 hatte
1321 558 1542 609 Epaenetus

133 622 377 673 zugegeben,
421 622 503 659 sich
539 623 611 659 mit
644 623 775 670 ¹jenem
802 587 916 659 Weib
956 622 1194 671 eingelassen
1227 635 1278 660 zu
1311 622 1454 671 haben,
1500 635 1544 661 er

132 686 277 725 konnte
320 685 400 724 also
450 687 564 725 einen
603 685 763 735 Process
802 685 866 725 bei
904 686 976 725 den
1012 686 1304 726 Thesmotheten
1349 688 1543 738 anhangig

132 751 293 789 macheu
331 763 408 788 nur
441 752 482 787 in
512 751 580 788 der
606 750 841 800 Erwfigung,
870 751 957 788 dass
986 751 1055 788 auf
1077 751 1156 799 ihn,
1184 752 1272 790 weil
1299 763 1341 789 er
1363 752 1444 789 sich
1472 752 1543 789 mit

132 816 240 854 einer
260 815 369 854 nicht
390 814 678 864 Ebenbfirtigen
702 814 934 864 abgegeben,
958 815 1027 853 das
1057 814 1190 853 Gesetz
1214 815 1313 853 iiber
1338 815 1543 854 Ehebruch

131 880 246 918 ke'me
272 879 530 928 Anwendung
557 878 682 916 sande.
738 877 888 917 Dutch
899 879 961 916 die
988 879 1163 929 wenigen
1186 879 1321 918 Worte
1343 874 1402 916 ὅτι
1425 875 1544 917 αὐτὸν

114 939 269 985 ἀδίκως
302 935 415 992 εἶρξε,
450 942 591 994 glaube
630 943 702 990 ich,
742 943 838 981 wird
875 943 1063 981 demnach
1097 943 1172 981 den
1207 944 1543 994 Anforderungen,

132 1007 196 1045 die
221 1006 493 1044 Westermann
532 1019 581 1045 an
622 1007 725 1045 diese
761 1008 937 1057 Aussage
976 1007 1089 1054 stellt,
1126 1007 1246 1045 volles
1280 1006 1443 1058 Geniige
1477 1019 1542 1058 ge-

132 1071 296 1119 leistet“;
337 1071 404 1110 sed
446 1075 572 1110 orator
598 1072 681 1122 ipse
709 1071 731 1121 ξ
760 1072 809 1110 67
840 1071 952 1122 plane
980 1084 1025 1111 ac
1054 1072 1194 1111 diserte
1221 1069 1396 1122 exponit,
1419 1072 1543 1123 Epae·

133 1139 267 1174 netum
295 1136 522 1185 defendisse,
549 1140 751 1186 propterea
776 1136 981 1174 moechum
1010 1137 1224 1174 existimari
1257 1148 1298 1174 se
1320 1148 1400 1174 non
1422 1148 1551 1187 posse,

134 1200 238 1250 quod
265 1200 398 1238 Phano
438 1201 650 1238 meretricio
687 1212 792 1238 more
826 1201 981 1238 viveret
1049 1200 1127 1239 Suo
1164 1202 1282 1250 igitur
1308 1201 1394 1239 iure
1420 1200 1543 1250 Epae·

133 1267 257 1309 netus,
286 1265 435 1302 etiamsi
462 1263 597 1302 Phano
626 1262 807 1313 Stephani
835 1263 956 1322 filiam
983 1275 1064 1302 esse
1086 1256 1256 1314 putabat,
1283 1268 1413 1302 tamen
1433 1265 1546 1302 illum

75 1332 79 1339 “
133 1329 175 1364 in
202 1329 264 1366 ius
286 1339 424 1366 vocare
451 1328 585 1378 potuit.

244 1391 328 1437 Qua
367 1392 415 1429 de
460 1403 575 1429 causa
612 1391 805 1429 Kirchner
854 1393 877 1439 ξ
919 1393 970 1429 79
1008 1404 1137 1442 γεγενη
1145 1405 1173 1438 μ
1187 1395 1306 1429 ένων
1321 1443 1324 1447 .
1342 1404 1411 1442 pro
1450 1404 1545 1431 voce

134 1459 412 1507 γεγενημένην
439 1456 687 1494 scribendum
726 1467 809 1494 esse
837 1459 988 1493 censeat
1018 1460 1056 1493 et.
1084 1457 1276 1506 quomodo
1299 1457 1416 1494 verba
1443 1452 1545 1504 ὅμως

135 1520 176 1558 δὲ
204 1516 335 1562 αὐτοῖς
363 1524 443 1562 τοῖς
477 1522 765 1568 πεπραγμένοις
792 1517 972 1563 ἐπιδείξω
994 1517 1167 1568 φανερὰν
1198 1512 1315 1557 οὖσαν
1338 1516 1459 1571 αυτὴν
1479 1520 1544 1558 καὶ

137 1580 269 1635 ἀληθῆ
290 1585 573 1634 interpretetur,
600 1596 678 1622 non
708 1584 901 1633 intellego
955 1582 1094 1633 Neque
1121 1588 1223 1622 recte
1251 1585 1354 1641 dicit,
1376 1584 1544 1622 Wester-

135 1661 344 1687 mannum
359 1649 438 1687 illis
474 1648 605 1686 verbis
644 1660 713 1698 pro
753 1651 979 1697 argumento
1025 1652 1158 1686 eontra
1190 1650 1398 1687 testimonii
1429 1649 1545 1688 fidem

138 1725 251 1751 usum
286 1724 391 1759 esse;
432 1714 550 1750 immo
583 1713 902 1750 Westermannus
937 1723 981 1749 ea
1026 1713 1144 1750 nimis
1183 1713 1373 1762 neglexit3
1414 1724 1464 1750 ex
1496 1713 1547 1750 iis

136 1764 231 1828 ipsis
263 1780 391 1815 autem
426 1780 593 1827 apparet,
626 1768 867 1826 Theogenem
903 1776 1121 1826 testimonio
1148 1776 1246 1814 nihil
1274 1777 1380 1814 aliud
1408 1776 1545 1814 confir-

138 1841 311 1888 mavisse,
338 1841 415 1878 nisi
443 1841 547 1890 quod
573 1841 741 1878 formula
768 1840 880 1878 nobis
908 1844 1057 1877 servata
1083 1841 1262 1877 continet.

245 1903 375 1942 Verba
409 1904 431 1953 ξ
471 1905 523 1942 30
558 1900 720 1951 ἀσελγῶς
752 1903 794 1942 δὲ
829 1903 893 1940 καὶ
919 1902 1141 1946 πολυτελῶς
1169 1901 1346 1951 διάγοντα
1374 1901 1442 1941 τὸν
1463 1905 1548 1952 βίον

139 1981 228 2013 non,
256 1972 301 2005 ut
321 1968 513 2005 Kirohner
534 1969 742 2016 contendit,
771 1968 818 2005 de
838 1967 1086 2016 Demochare,
1115 1969 1181 2005 sed
1204 1970 1330 2018 potius
1354 1969 1401 2006 de
1424 1967 1547 2016 Phry-

139 2032 256 2070 nione
283 2033 365 2082 ipso
395 2032 495 2070 diota
522 2038 622 2070 sunt.
691 2031 836 2070 Omnes
865 2033 969 2070 enim
998 2033 1149 2070 codices
1176 2033 1377 2082 praebent·
1410 2033 1545 2081 Φρυνί-

141 2110 218 2133 ωνα
243 2126 250 2133 .
280 2093 609 2145 ..Δημοχάρους
646 2092 824 2143 ἀδελφόν,
859 2092 1020 2142 ἀσελγῶς
1059 2095 1100 2132 δὲ
1127 2096 1191 2132 καὶ
1220 2095 1439 2137 πολυτελῶς
1468 2093 1548 2132 διά-

140 2172 285 2208 γοντα
313 2157 381 2197 τὸν
408 2160 503 2209 βίον,
531 2171 610 2199 non
637 2160 687 2208 id,
718 2160 821 2211 quod
849 2149 1041 2199 Kirohner
1069 2159 1213 2209 scribit,
1249 2192 1256 2199 .
1287 2190 1293 2197 .
1361 2155 1546 2207 ,διαγον-

140 2239 215 2268 τος
242 2223 311 2262 τὸν
337 2226 430 2272 βίον.
1246 2238 1248 2240 ·

247 2288 446 2327 Postremo
485 2299 614 2338 neque
665 2287 821 2327 Staeker
867 2300 1001 2339 neque,
1036 2287 1227 2326 Kirchner
1267 2287 1548 2335 animadvertit,

142 2354 371 2392 offensiones
405 2364 548 2400 omnes,
571 2360 684 2404 ,qu'as
707 2365 833 2390 sermo
857 2353 1161 2402 testimoniorum
1195 2351 1370 2400 praebet,
1404 2351 1548 2388 idcirco

142 2417 270 2456 nullas
298 2426 392 2464 esse,
421 2415 525 2465 quod
547 2426 672 2454 sermo
695 2416 878 2454 orationis
899 2416 1032 2467 ipsius,
1061 2427 1177 2466 quam
1200 2415 1247 2453 ab
1271 2415 1404 2454 eodem
1433 2418 1550 2465 atque

141 2482 362 2521 testimonia
389 2481 570 2529 scriptam
598 2491 680 2517 esse
707 2480 1026 2517 Westermannus
1062 2479 1333 2529 comprobavit,
1372 2490 1449 2516 non
1479 2480 1550 2516 mi-

141 2558 217 2584 nus
243 2543 450 2595 neglegens
479 2547 544 2582 est.
